3292 5134
396 498 1305 634 ΜὯ,·”··“·’..-.-.--..··’·““·-.”““.-·Ξ,ι

208 721 211 729 “
281 678 288 703 ’
390 702 626 807 successuque
656 702 722 784 suo
744 680 893 777 caruisse
920 698 1153 799 putabimus3
1199 672 1294 797 quin
1315 720 1364 775 eo
1389 722 1472 825 gre-

370 828 373 836 '
390 824 495 898 viore
511 821 693 918 religione
708 816 865 913 obligati
880 814 1100 915 videbimur,
1113 834 1191 911 quo
1203 835 1250 887 err
1264 796 1472 925 grauissima}

391 936 457 1013 illa
481 933 686 1036 procella,
712 954 832 1031 quae
842 928 970 1028 paullo
985 926 1079 1027 post
1111 939 1197 1003 vota
1225 924 1289 1001 illa
1310 898 1472 1027 suscepte

392 1049 553 1153 perculit
578 1072 669 1137 nos,
709 1045 843 1123 seruati
869 1056 907 1119 et
927 1043 1080 1119 recreati
1103 1063 1217 1141 remp
1239 1038 1455 1139 sospitemtt

392 1164 624 1241 incolumem
649 1158 852 1236 secundum
878 1156 1024 1232 cursum
1048 1169 1174 1234 tenere
1195 1166 1233 1229 et
1254 1178 1314 1229 res
1334 1158 1460 1233 nostru

394 1278 624 1381 prosperis
595 1271 817 1353 succeffibos
840 1271 972 1353 florere
1002 1269 1102 1347 laeti
1116 1266 1372 1375 intelligimus

416 1548 422 1553 ·
509 1476 793 1587 Votorumt
724 1514 793 1609 igit
795 1534 839 1587 ur
866 1510 1076 1587 nostrorum
1105 1482 1285 1597 damnati,
1328 1510 1370 1583 in
1398 1521 1466 1585 tan

397 1626 491 1701 laeta
517 1624 679 1725 festaque
700 1625 807 1715 luce,
838 1612 931 1724 quid
949 1626 1050 1733 prius
1076 1625 1340 1755 antiquiusque
1365 1622 1465 1698 habe·

398 1742 560 1827 bimus,
574 1757 710 1838 quum,
739 1753 779 1813 vt
793 1740 924 1815 animis
943 1729 1044 1819 castis
1061 1736 1208 1839 piisque
1228 1737 1283 1813 ad
1290 1736 1473 1817 summum}

177 1855 184 1873 ³
241 1839 244 1870 '
313 1890 317 1896 ·
398 1852 508 1930 illuni
527 1874 651 1928 rerum
671 1852 933 1951 sospitatorem
951 1853 1178 1939 accedamus,
1209 1864 1392 1953 gratoque
1410 1848 1473 1926 bo'

399 1990 537 2044 norum
562 1967 774 2042 nostrosoin
804 1966 977 2054 recensu,
1019 1969 1131 2045 tacito
1155 1965 1279 2055 sensu,
1324 1966 1464 2065 publica

399 2103 515 2170 uoce,
551 2080 670 2186 ,53⁰2
706 2079 835 2178 laudes
860 2081 939 2157 eius
957 2078 1031 2156 ritu
1062 2080 1220 2159 sollenni
1244 2079 1463 2157 celebremus

242 2250 248 2268 ,
353 2203 356 2206 ’
398 2218 605 2297 pacemque
630 2209 666 2273 et
693 2211 918 2297 perpetuum
944 2194 1085 2273 nostrae
1119 2194 1372 2295 prosperitatis
1402 2194 1462 2269 sru-

259 2390 267 2401 ,
399 2310 499 2387 oum
523 2314 617 2387 rotis
647 2312 895 2411 precibusque
928 2308 1178 2409 exposcimus.
1252 2304 1373 2385 Cuius
1396 2308 1466 2383 reli·

364 2464 372 2475 ι
401 2425 525 2523 gionis
550 2427 771 2530 pietatisque
799 2426 942 2501 nostrae
968 2438 1008 2500 vt
1035 2430 1140 2503 tanto
1167 2416 1375 2501 sollennior
1399 2446 1465 2521 gn-

401 2538 558 2635 viorque
594 2536 636 2613 sit
671 2540 913 2613 caerimonia:
951 2539 1121 2617 crastino
1147 2538 1230 2627 die,
1274 2539 1340 2613 ubi
1372 2559 1465 2615 more

400 2642 532 2738 solito,
558 2674 577 2725 ι
596 2641 807 2729 Comitibus
825 2640 1004 2736 Illustrils⁸¹
1024 2640 1060 2730 et
1074 2650 1242 2731 Patribus
1260 2646 1465 2729 Academiae

377 2832 381 2841 .
400 2787 540 2867 pompa
564 2767 604 2839 in
624 2764 1223 2865 templum-Acadensicum'dutiu
1247 2767 1382 2856 suerit,
1415 2764 1463 2869 Jo.

401 2876 511 2957 Ριιιι.
535 2878 731 2968 Musunii,
764 2883 970 2983 Magnificus
984 2878 1016 2959 ι.
1034 2894 1060 2959 i.
1081 2878 1280 2969 Promeae,
1322 2882 1464 2981 publice

401 3010 490 3074 vota
513 2992 702 3096 suscipiet,
733 2998 903 3082 oratione
921 2996 1061 3085 habita,
1090 2998 1250 3097 quails,
1279 3018 1378 3097 quae
1402 3018 1468 3073 aca-

403 3108 623 3205 demiarum.
648 3112 855 3191 nostrarum
897 3109 1154 3187 conditionem
1200 3111 1466 3193 commendant

402 3226 490 3309 cum
505 3225 569 3311 iis,
601 3246 696 3323 quoe
720 3228 760 3299 iri
777 3251 820 3307 ea
843 3224 1033 3310 desiderari
1055 3224 1208 3326 pollint,
1239 3226 1467 3323 comparetis,

400 3333 508 3435 plura
533 3334 821 3429 elselaudanda,
871 3362 984 3439 quam
1011 3339 1270 3441 improbanda,
1306 3338 1460 3419 docebit.

364 3547 368 3566 x
403 3447 554 3541 Quibus
575 3448 805 3527 sollemnibus
830 3467 979 3529 etcum
1008 3454 1269 3532 beneuolentiae
1295 3466 1332 3529 et
1355 3452 1467 3531 studio

400 3552 567 3644 interesse
583 3567 717 3657 velitis,
743 3560 909 3643 Comites
927 3562 1168 3659 Illustrissimi,
1191 3566 1467 3655 Generofiffimi,

187 3706 194 3719 ι
319 3738 337 3768 t,
399 3674 647 3771 Nobiliffimi,
692 3680 951 3761 Humaniffimi
980 3680 1160 3774 quenes,'
1204 3686 1417 3760 humaniter
1441 3692 1471 3757 et

271 3793 277 3808 “
324 3895 329 3906 ι
400 3800 632 3893 peramanter
647 3820 833 3897 rogamus.
909 3789 993 3883 Nos
1013 3811 1156 3888 autem,
1202 3793 1314 3877 Ciues
1326 3806 1346 3887 ,’
1383 3797 1469 3874 dum

327 3911 331 3920 '
399 3930 539 4007 pompa
562 3925 710 4008 paratur
728 3926 765 3987 et
787 3912 997 4002 instruitur,
1034 3926 1209 4009 tanquam
1230 3910 1468 3990 investibulo

398 4022 530 4123 templi
555 4034 593 4099 et
617 4026 765 4124 porticu
789 4026 998 4116 constituti,
1036 4026 1340 4105 confabulatione
1367 4026 1469 4113 satia.

398 4137 504 4235 quod
537 4160 657 4239 nuper
682 4138 729 4217 de
752 4138 929 4241 Sybaritis
961 4138 1188 4244 Thuriisque
1217 4162 1467 4243 coeperamus,

369 4258 669 4349 ¹permissurum¹
719 4308 745 4329 „
1250 4278 1253 4307 ι

461 4393 464 4401 ·
1255 4422 1260 4431 -
1304 4366 1466 4447 Primum
