3292 5134
580 450 863 574 -.--.-'·=

1174 561 1249 635 303
1334 594 1339 608 ·

188 697 290 772 inter
313 693 405 772 deos
425 695 662 796 ingeniorum
676 695 835 800 fautores
857 697 1128 802 eiiadscriptus,
1152 706 1278 804 quod‘
1341 784 1343 792 ,

190 807 347 886 Athenis
363 813 404 886 in
432 812 510 886 eius
524 798 629 886 iactis
652 811 847 888 dramatica
865 812 981 912 poefis
999 819 1115 914 prima
1137 819 1258 897 incre..

190 937 320 1004 menta
348 937 386 999 et
420 923 566 1004 laudem
591 923 730 1021 habuit.
811 924 946 1025 Neque
970 917 1106 1008 mirum
1139 933 1256 1012 rideri

192 1039 324 1119 debet,
356 1036 383 1113 fi
405 1051 536 1141 poetae
552 1038 596 1113 ad
614 1038 744 1126 deum,
774 1053 949 1140 tanquam
968 1043 1169 1136 auiiorem,
1201 1073 1259 1126 re·

193 1152 363 1228 tulerunt
393 1175 453 1240 ea,
498 1174 591 1252 quae
622 1154 662 1228 in
686 1155 764 1229 eius
787 1154 892 1232 sacris
914 1154 1091 1257 vludisque
1114 1159 1254 1242 fierent

191 1264 284 1344 Pani
315 1287 476 1366 ¹quoque
500 1265 675 1366 syringis,
729 1281 915 1367 tanquam>
932 1276 1074 1370 proprii
1100 1277 1258 1367 inuenti,
1279 1363 1283 1369 ⁴

192 1381 273 1457 laus
295 1380 391 1456 forte
422 1403 503 1456 non
522 1378 671 1476 aliunde
689 1386 809 1470 venit,
842 1403 953 1480 quam
974 1386 1078 1484 quod
1099 1387 1256 1468 Arcades

193 1497 274 1570 eius
295 1493 427 1572 festum
450 1493 593 1569 choreis
614 1491 825 1594 fistulaeque
851 1511 961 1572 cantu
975 1504 1129 1599 antiquo
1153 1527 1258 1582 more

192 1609 438 1686 celebrabant
499 1603 673 1683 Ceterum
693 1613 731 1683 in
743 1607 970 1709 ,Apollinem
993 1612 1150 1694 successu
1166 1631 1259 1696 tern-

190 1727 294 1824 poris
321 1725 407 1798 artis
424 1743 577 1821 quoque
600 1722 764 1801 medicae
781 1729 978 1804 inuentum
999 1739 1036 1804 et
1051 1729 1172 1808 honos
1188 1731 1260 1810 fuit

193 1837 372 1914 collatus:
403 1825 718 1934 cuius'opiniouis
734 1837 891 1916 'cauffam
917 1855 955 1917 et
973 1845 1154 1941 originem
1178 1869 1259 1924 non

191 1950 263 2028 nisa
291 1949 531 2028 conietiando
561 1945 790 2049 affequimur.
838 1995 841 2005 ·
878 1953 1024 2032 Notum
1038 2013 1039 2020 a
1055 1959 1105 2034 est
1137 1963 1259 2058 primo

191 2081 361 2168 tempore
383 2063 604 2140 medicinam
617 2066 719 2142 inter
732 2067 904 2144 homines
928 2067 1031 2146 fuiffe
1056 2073 1118 2148 vix
1133 2064 1258 2162 allenn-
1385 2060 1389 2068 ’

191 2193 457 2282 praeterquam¹
472 2178 685 2265 vulnerum,
714 2182 849 2279 quibus
865 2180 1012 2267 herbas,
1045 2182 1260 2263 herbarum-

193 2319 270 2396 que
292 2293 419 2371 succos
439 2293 499 2370 vel
515 2292 652 2373 radices
671 2295 771 2368 tritas
804 2295 1080 2393 inspergebant;
1108 2301 1260 2380 morbo.
1297 2312 1299 2323 ¹

189 2397 277 2487 rum
303 2422 424 2496 autem
449 2407 564 2486 cohors
591 2408 724 2506 partim
754 2409 795 2484 in
828 2407 891 2484 illa
916 2409 1008 2494 uitae
1033 2409 1260 2512 simplicitate

190 2528 286 2601 terris
310 2523 479 2600 nondum
498 2519 704 2608 incubuerat,
748 2525 847 2608 acuti
871 2545 958 2600 vero
980 2527 1103 2604 morbi
1125 2552 1146 2604 a
1172 2529 1263 2610 deos,
1352 2535 1366 2630 J

191 2663 295 2725 rum,
325 2635 467 2714 Phoebi
483 2638 642 2715 maxime
661 2649 699 2711 et
712 2631 875 2726 Dianae,
913 2638 967 2714 ira
987 2642 1258 2740 repetebantur.

192 2752 251 2830 Ad
282 2752 387 2841 solis,
431 2753 529 2830 aestu
564 2751 628 2828 suo
657 2753 825 2849 aerisque
858 2754 1076 2853 intemperie
1105 2779 1262 2855 corpora
1310 2737 1313 2750 ¹

191 2869 387 2956 tentantis,
429 2869 506 2975 ¹vim
531 2866 572 2940 in
594 2888 641 2942 eo
665 2863 822 2964 ailusum
845 2863 934 2955 effe,
970 2889 1050 2943 non
1067 2867 1107 2943 fir
1122 2873 1262 2968 impro-

191 2981 326 3060 babile.
349 2970 354 2981 ‘
402 2977 500 3057 Cum
522 2991 646 3056 tamen
671 2978 781 3054 semel
807 2979 1186 3058 morborum'eauffas
1213 2980 1262 3060 ad

191 3097 284 3174 deos
312 3095 447 3171 referre
468 3091 642 3193 coepisset
669 3106 773 3169 vetus
790 3089 962 3182 Graecia,
990 3117 1072 3170 mos
1094 3095 1191 3172 inde
1204 3098 1262 3172 iu-

191 3211 329 3298 valuit,
360 3224 399 3284 vt
418 3209 464 3284 de
478 3209 699 3284 morborum
717 3206 863 3284 auxiliis
885 3206 1164 3312 consulerentur
1185 3209 1262 3287 sere

191 3342 305 3412 vates,
316 3324 548 3421 deorumque
562 3321 710 3405 oracula
726 3320 934 3414 adirentur3
959 3323 1054 3398 inter
1070 3345 1164 3423 quae
1182 3323 1263 3424 post

189 3438 446 3517 Dodonaeum
461 3437 679 3534 antiquitate
695 3449 733 3512 et
747 3435 960 3512 authoritate
974 3436 1264 3516 eminuereDel-

190 3539 269 3653 uhi.
344 3549 458 3627 Vates
486 3563 613 3648 ,autem
638 3553 735 3626 inter
757 3549 894 3648 priscos
922 3550 1120 3642 homines,
1163 3551 1264 3653 apud

192 3689 292 3764 quos
315 3668 458 3753 omnia,
500 3688 594 3763 quae
621 3669 703 3762 quis
727 3664 887 3752 diceret,
918 3677 1108 3754 moneret,
1138 3666 1265 3743 suade·
1386 3659 1389 3666 ’

187 3796 267 3867 ret,
310 3782 418 3856 etiam
445 3801 541 3878 quae
565 3793 745 3864 narraret,
780 3780 961 3866 carmine,
1005 3778 1172 3880 adeoque
1207 3781 1265 3855 in-

187 3895 380 4002 flammato
407 3895 521 3970 animi
536 3893 681 3995 spiritu,
715 3914 931 3990 magnoque
946 3914 1011 3970 ore
1027 3894 1271 3994 proferebas..
1299 3890 1304 3905 '
1331 3907 1335 3912 ’

187 4024 263 4100 tur,
274 4010 413 4109 pariter
429 4009 551 4084 omnis
566 4007 751 4085 dotirinae
771 4021 809 4086 et
827 4005 1022 4106 sapientiae
1039 4005 1264 4104 auctoresa),

1007 4149 1008 4159 ¹
1228 4133 1267 4198 et

229 4257 271 4340 a)
295 4255 477 4316 ἐνέπνευσαν
498 4255 601 4331 δέμον
620 4251 712 4333 αὐδήν
732 4251 878 4334 (Musae)
902 4252 1011 4331 Θείην,
1034 4243 1072 4320 ὥς
1091 4269 1125 4312 rs
1147 4251 1266 4329 κλύννμι

179 4393 185 4400 .
304 4336 345 4400 τοί
366 4335 548 4416 τ’ἐσσόμινα
567 4337 627 4419 πρό
645 4336 776 4415 r'io'urrr.
798 4336 924 4410 Heben
946 4333 1133 4422 Thermi,
1156 4345 1267 4504 aune:
