3292 5134
602 479 922 569 m*
1034 503 1039 510 ·
1196 541 1277 623 ,77

226 635 331 767 colent
350 687 543 767 retrahitur
568 711 627 788 apr
645 682 990 788 Dionyl.„Halic.*l„,
1011 714 1075 786 ιι.
1088 649 1094 662 Ι
1109 669 1211 790 duod
1227 695 1273 772 ad
1334 738 1338 748 ι

226 797 401 902 Pompeios
421 805 591 879 transfert
610 795 724 880 Solio.
742 817 789 888 8,
834 801 957 879 Nimis
983 805 1154 882 credulus
1172 804 1269 898 ellet,
1350 829 1352 836 ’

225 918 362 1014 quitali
389 917 590 994 auitorinti
619 916 761 1018 aliquid
776 918 943 993 tribuere
971 917 1093 997 vellet.

316 1057 465 1135 Veteres
484 1059 642 1155 Pelasgos
659 1072 697 1134 et
710 1059 869 1147 Arcades,
892 1062 957 1158 qui
978 1059 1118 1138 ltaliam
1133 1061 1267 1154 adiere,

225 1169 306 1273 licet,
321 1175 470 1274 quidem
489 1179 605 1250 -i'nter
640 1197 705 1250 eos
734 1175 889 1279 referre,
931 1177 1002 1273 qui
1030 1178 1158 1275 primi,
1204 1185 1269 1256 aut

224 1310 294 1362 corn
318 1288 476 1365 barbaris
501 1290 695 1390 permixti,
724 1288 789 1381 illa
810 1288 893 1366 loca
922 1287 1147 1382 incpluerez·
1173 1293 1279 1394 inter(
1408 1379 1410 1384 ,

223 1401 366 1477 colonias
388 1418 512 1506 autem
533 1406 718 1482 numerari
740 1413 934 1502 nequeunt
941 1427 953 1496 3
988 1427 1111 1506 neque
1133 1403 1189 1482 illi
1218 1407 1270 1484 ci·
1372 1468 1376 1478 ,

221 1517 330 1591 vitares
354 1519 498 1594 iuribus
522 1531 567 1595 et
590 1517 760 1592 institutis
776 1516 980 1616 descriptas
1007 1518 1264 1596 condiderunt.

221 1626 354 1708 Arcades
377 1633 530 1731 quidem
555 1625 593 1706 εἰ
615 1629 681 1729 ipll
706 1631 968 1729 legumlatores
987 1631 1171 1728 habuere3
1205 1633 1266 1712 led

219 1743 319 1820 multo
345 1745 539 1822 serioribus
567 1746 765 1844 aetatibus,
797 1770 844 1822 ex
861 1769 938 1848 quo
956 1748 1159 1846 lomagnas
1177 1750 1268 1826 ciui·
1313 1815 1316 1830 ,

218 1866 290 1932 tates
312 1859 582 1936 confluxerant:
624 1853 808 1958 Tegeatae
828 1861 979 1962 quidem
1004 1858 1275 1968 Antiphonem,
1356 1865 1358 1873 ’

219 1963 390 2062 Croesum,
427 1972 681 2075 Τιίοιιίιιιιιιι,
701 1972 880 2075 Pyrrum
863 1999 918 2074 ap
936 1967 1045 2052 Paula
1027 2000 1082 2051 n.
1093 1975 1194 2066 Vlll,
1207 1991 1259 2072 48
1320 2033 1322 2040 -

218 2096 247 2156 et
270 2081 451 2188 Prytanim
481 2088 806 2190 Megalopolitani
830 2089 927 2188 apud
958 2085 1087 2188 Polyb.
1108 2087 1162 2177 V,
1195 2113 1261 2184 93.

214 2185 339 2278 Prorsus
364 2217 489 2297 autem
516 2201 740 2284 abiiciendae
765 2201 850 2283 sunt
883 2205 1158 2278 commentitiae
1192 2204 1265 2278 ori·
1307 2241 1309 2258 ι

214 2312 301 2407 gines
321 2314 550 2407 Italicarum,
581 2321 696 2418 inque
721 2315 778 2391 his
796 2311 1035 2405 Latinarum,
1074 2316 1220 2395 vrbium
1245 2340 1265 2394 a

215 2422 343 2508 Graecis
366 2431 515 2510 indotla
540 2431 669 2508 fraude
693 2426 923 2508 Graecorum
943 2445 981 2508 et
1002 2427 1263 2516 Romanorum

212 2537 410 2642 scriptorum
429 2548 622 2646 repetitae:
664 2543 867 2644 dequibus
896 2569 929 2620 v.
947 2545 993 2624 ad
1010 2541 1143 2644 Virgil.
1168 2543 1259 2622 Aen.
1355 2545 1358 2552 ⁴

213 2651 277 2731 vn
303 2655 389 2738 Exc
402 2661 662 2742 lutrinum.
721 2657 804 2736 Nec
831 2661 950 2736 verius
973 2657 1130 2748 ditium,
1156 2657 1261 2760 quod

210 2789 257 2866 ap
274 2769 459 2873 Jullinum
468 2776 517 2850 est
532 2771 629 2866 XX,
655 2798 688 2853 1.
720 2775 794 2852 Iam
820 2773 974 2940 Falisci,
986 2773 1126 2879 Nolani,
1157 2771 1262 2849 Abel-

211 2879 285 2975 lant,
306 2917 410 2966 nonne
440 2887 711 2994 Chalcidenfirrm
717 2886 835 2964 coloni·
831 2889 946 2992 'funii
1048 2921 1051 2928 ·

305 3029 406 3108 Toto
431 3031 505 3108 hoc
530 3033 653 3130 itaque
671 3020 925 3129 disputationis
944 3049 1080 3125 genere
1101 3038 1138 3104 et
1151 2979 1260 3131 argu·

208 3156 339 3236 mento,
372 3160 413 3252 ιι
430 3146 567 3222 dimitti
591 3144 687 3223 illud
708 3167 729 3218 a
751 3143 864 3231 nobis
886 3139 1010 3264 poffit,
1050 3138 1258 3246 summatim

207 3253 263 3330 del
246 3256 382 3360 scripto,
412 3261 457 3338 ad
476 3283 534 3336 eas
553 3281 679 3360 preces
699 3255 874 3346 redimus,
905 3277 995 3356 quas
1014 3256 1141 3332 iamin
1158 3256 1260 3358 prin-

207 3369 291 3469 cipio
313 3376 487 3464 fecimus,
519 3388 559 3449 vt
574 3369 739 3450 Comites
756 3368 1032 3482 lllultrillimos,
1064 3361 1259 3449 Commili-
1274 3401 1282 3418 r

206 3492 371 3591 torresque
391 3513 528 3591 genere
558 3500 596 3564 et
619 3487 778 3586 ingeniis
806 3483 1068 3574 ornatillrnros,
1107 3495 1258 3582 rogatos

206 3595 262 3676 elle
284 3603 460 3694 velimus,
498 3615 538 3678 ιι
560 3599 788 3679 sollemnibus
805 3599 884 3688 his,
920 3621 1014 3698 quae
1046 3596 1255 3702 indicimus,

205 3733 329 3818 pompa
346 3721 386 3794 in
401 3717 594 3820 templum
601 3713 854 3792 academicum
871 3710 1051 3801 ducenda,
1082 3711 1255 3812 fsequen-

202 3828 279 3908 tiam
300 3833 522 3921 concilient,
549 3844 586 3908 et
605 3832 663 3918 iio,
691 3851 756 3930 qur
747 3821 924 3931 publice
944 3821 1183 3916 diilurisunt,
1200 3821 1254 3902 la-
1376 3875 1382 3882 ·
1454 3907 1455 3916 ι

202 3943 309 4044 teani,
366 3945 404 4026 P.
419 3945 457 4029 P.
484 3943 565 4026 Kal.
597 3941 680 4046 Jao.
709 3943 1035 4021 clotocccxxvrr.

632 4275 763 4435 'sc
