3292 5134
661 511 805 562 Η

182 713 390 791 concitatos
403 709 538 787 scotica
553 711 715 808 instigat,
743 709 849 788 alteri
864 709 941 810 ipse
958 710 1125 790 iniidens.
1171 713 1250 792 Sub

183 832 291 926 equis
312 840 400 902 nota
415 824 443 900 l.
478 826 593 904 infra·-
617 821 939 902 CCENSOriw.
994 823 1069 904 Hic
1085 831 1130 905 C.
1150 825 1253 906 Mer·

184 946 264 1017 cius
282 937 505 1015 Censorinus
534 941 618 1037 quis
638 937 873 1037 expluribus
896 941 1062 1017 eiusdem
1087 946 1252 1019 nonunie

184 1057 310 1142 fuerit,
329 1077 407 1129 non
421 1053 578 1145 constnt3
607 1055 837 1150 quaesturam
850 1049 984 1151 geiiiffe
1000 1055 1193 1154 probabile
1208 1055 1253 1133 fit

177 1191 306 1246 numo
324 1169 398 1243 hoc
415 1165 567 1265 [ignoto.
632 1164 839 1266 Respexiffe
870 1183 995 1244 autem
1018 1170 1164 1245 videtur
1191 1170 1253 1248 lu-

189 1286 279 1371 dos,
311 1284 357 1358 ab
371 1281 498 1378 aliquo
523 1282 619 1357 forte
634 1305 655 1355 e
671 1283 871 1357 maioribus
884 1286 1034 1382 opipare
1044 1283 1248 1362 -instrudoe

186 1399 285 1475 Nam
310 1393 558 1494 Hauetcampi
583 1393 804 1479 coniestum,
811 1395 939 1496 paullo
963 1398 1114 1496 longius
1139 1401 1253 1496 petita

188 1513 257 1599 est,
289 1535 308 1584 a
326 1509 524 1586 Marcianis
542 1512 763 1586 carminibus
789 1497 830 1604 ei
852 1509 1126 1610 Apollinatium
1142 1510 1253 1588 ludo·
1366 1527 1372 1536 ‘

184 1651 269 1703 rum
287 1625 547 1726 institutione,¹
562 1623 766 1703 Mordent
792 1655 807 1723 3
832 1623 883 1724 sq.

206 1809 211 1826 ·
300 1770 362 1846 Vl.
374 1768 495 1866 Caput
513 1762 654 1864 Romae
667 1765 864 1864 galeatum.
892 1757 1253 1874 Llsso.x..=D10‘‚

185 1885 282 1960 scuti
303 1879 430 1956 hastati
449 1883 489 1954 in
505 1881 619 1980 equis.
657 1880 706 1972 Q.
729 1877 939 1958 nchns.
981 1867 1147 1959 ROMA.
1207 1879 1253 1960 Io

187 1998 315 2073 nostro
337 1995 432 2078 MA,
462 1995 566 2093 quod
594 2019 660 2094 per
684 1996 951 2094 compendium
980 1995 1158 2092 scriptum
1182 1993 1251 2072 effe
1288 1996 1307 2090 ¹.

187 2110 366 2216 debebat,
394 2107 521 2182 vitiose
539 2123 727 2184 exaratum
748 2109 818 2195 est,
848 2131 919 2185 nec
943 2119 983 2182 vt
999 2111 1174 2182 extritum
1198 2109 1253 2183 di-

183 2217 304 2301 neris:
343 2215 465 2300 MRC.
506 2219 559 2314 Q
574 2217 707 2298 Marcii
728 2216 883 2297 Libonis
912 2243 1053 2311 nomen
1079 2222 1187 2296 etiam
1212 2224 1254 2296 in

184 2339 301 2415 aereis
328 2337 450 2412 numis
473 2335 605 2428 exstat3
662 2335 711 2410 est
734 2349 856 2410 temen
878 2330 1000 2422 illius,
1037 2349 1075 2410 et
1096 2337 1252 2412 omnino

183 2449 571 2538 Libonumiamiliae,
608 2446 760 2556 obseura
783 2449 980 2528 memorien,

303 2595 381 2671 Vll.
417 2596 540 2692 Caput
566 2567 707 2682 Romae
730 2591 938 2690 galeatum,
983 2592 1164 2673 aceruice
1192 2614 1256 2669 eo·
1286 2660 1289 2668 .

187 2706 284 2785 rolla
308 2707 454 2781 videtur
472 2701 585 2784 effide
613 2703 691 2783 effe.
727 2725 781 2780 ε·
804 2701 967 2783 viderie
991 2707 1031 2779 in
1055 2704 1253 2803 quadrigis.

189 2821 291 2900 Infra
316 2819 478 2910 litterae,
510 2842 600 2919 quas
625 2805 1035 2920 anteaficlegebamun:
1065 2815 1258 2896 T.MnR-
1371 2850 1376 2858 ·

187 2939 273 3013 Cius
299 2933 383 3012 Libo
412 2923 603 3034 innestor.¹
655 2931 883 3010 Videbamus
915 2927 1100 3009 tamenin
1125 2927 1257 3008 Marcii

188 3051 343 3138 nomine
359 3047 572 3148 compendii
597 3047 687 3148 quid
708 3043 829 3124 ineffe.
887 3041 1002 3123 Nunc
1016 3043 1091 3121 fine
1109 3043 1259 3122 haesita·

187 3167 295 3238 tione
310 3163 488 3262 legimus:
516 3158 560 3235 T.
571 3159 656 3238 MA.
680 3163 764 3261 (per
782 3159 1058 3260 compendium,
1085 3159 1257 3257 Mor-cim)

189 3275 337 3376 ARpius
370 3273 564 3354 cinados
603 3275 818 3378 Qmeflores:
863 3276 991 3351 vrbani
1024 3273 1098 3350 fine
1121 3275 1258 3368 dubio;

186 3393 312 3490 ignoti
352 3405 485 3482 antea,
532 3413 600 3480 nee
635 3393 674 3465 in
717 3389 819 3480 alio,
874 3387 976 3490 quod
1009 3389 1256 3477 meminimus,

1157 561 1244 642 383
1396 621 1401 633 .

182 3529 306 3582 numo
330 3504 445 3583 obuii.
530 3501 640 3582 Haud
669 3501 851 3594 multum,
885 3503 1099 3582 nominibus
1121 3517 1258 3590 tamen,
1411 3545 1417 3572 1

182 3619 365 3737 diffimilis
388 3621 438 3694 est
459 3618 550 3696 alius
578 3641 636 3717 ap,
656 3618 880 3719 MoreiiJH,
904 3641 937 3695 1.
1026 3664 1031 3679 ·

305 3783 478 3865 MARIA.
537 3789 566 3864 i.
599 3787 720 3884 Caput
740 3771 882 3861 Cereris
907 3783 1013 3882 spicis
1030 3781 1255 3860 redimitum.

184 3904 228 3984 C.
249 3899 421 3980 MARlus
454 3895 496 3978 C.
521 3897 560 3976 F.
595 3895 773 4000 CAPITo.
813 3893 983 3994 XXVII.
1009 3907 1064 3973 'z
1088 3892 1258 3972 colonus
1339 3926 1343 3937 ·

182 4017 321 4096 iuneiis
352 4017 475 4092 bubus
495 3991 613 4092 amne
643 4014 679 4092 S.
690 4011 731 4092 C.
768 4026 805 4090 et
829 4013 984 4111 superne
1000 4002 1159 4088 XXVI:
1196 4005 1261 4086 sed

183 4137 365 4208 numeius
390 4144 545 4228 vterque
573 4131 715 4204 attritus
743 4143 780 4204 et
804 4126 1035 4218 obscuratum
1065 4145 1099 4197 v:
1120 4117 1258 4200 Morell.

182 4251 215 4340 1,
244 4271 277 4324 1.
317 4241 504 4321 officinam
529 4241 594 4318 ilie
622 4243 849 4322 monetalem
867 4237 1054 4353 designare
1083 4232 1257 4427 crecdituf.

1165 4371 1257 4448 opio
