3292 5134
371 550 452 624 33'0
763 480 1051 567 Μ
1111 557 1115 566 .

335 701 510 799 'uulgari
548 720 700 799 quoque
742 695 891 782 codice}
920 696 1030 795 aqui<
1050 698 1091 771 in
1126 719 1256 774 manus
1291 633 1471 787 incidi‘r,x

363 812 581 1009 1οηιὲιιειῐιιυιίιιιιὶι
592 872 612 965 ,ι
650 809 845 889 molestiae·
871 806 956 911 pius
987 815 1099 911 quarn
1132 810 1270 889 faustus
1298 812 1444 891 habere

476 1124 522 1207 In
548 1110 716 1225 Corpore
749 1121 845 1201 luris
875 1117 1078 1223 gloiiato
1067 1146 1180 1201 nemo
1204 1079 1312 1209 facile
1350 1125 1444 1204 sub-

363 1216 579 1341 scriptiones
599 1259 636 1319 et
659 1232 913 1338 inscriptiones
930 1236 1069 1316 additas
1087 1236 1272 1336 expediet,
1301 1252 1345 1314 vt
1364 1264 1445 1317 nec

363 1348 540 1435 numbros
565 1369 603 1430 et
618 1353 746 1430 titulos
759 1351 953 1440 librorum,
977 1350 1154 1448 equibus
1171 1348 1444 1435 Pandedarum

363 1470 517 1548 laciniae
540 1468 806 1555 consarcinatae
821 1466 924 1543 ,sunt
978 1460 1167 1543 Hactenus
1195 1466 1288 1543 adeo
1305 1490 1381 1545 nec
1398 1470 1442 1545 in

364 1582 525 1675 Codice,
550 1604 621 1661 nec
643 1585 683 1658 in
700 1562 895 1669 Nouellis,
923 1579 1069 1663 criticus
1098 1578 1179 1655 vius
1198 1579 1338 1657 codicis
1363 1578 1441 1659 effe

363 1710 433 1801 pot
417 1698 483 1777 test
516 1698 607 1777 satis
629 1718 796 1794 magnus.
882 1688 980 1771 Cum
1013 1694 1202 1807 tamenin
1229 1692 1287 1769 his
1311 1696 1473 1773 multa

362 1812 453 1901 first,
483 1836 577 1910 quae
595 1796 715 1887 adhuc
728 1806 889 1887 studium
904 1818 941 1882 et
956 1794 1107 1907 operam
1123 1805 1288 1886 virorum
1302 1808 1439 1887 dodo-

364 1948 448 2003 rum
475 1924 695 2009 uenderent,
726 1926 942 1998 cruntforte
963 1919 1184 2021 aliquando,
1215 1943 1311 2022 quos
1325 1927 1437 2004 iuuet

360 2040 529 2175 codicem
563 2038 665 2115 hunc
693 2032 786 2113 coni
767 2011 910 2111 iuluiffe
936 2030 989 2133 q).-
1082 2092 1085 2099 .

451 2267 1020 2372 FeudalibusConsustudinibus
1035 2271 1291 2373 comparandis
1310 2275 1437 2350 otium

361 2392 437 2467 iam
451 2384 583 2464 fadum
599 2385 742 2469 videtur
763 2385 874 2485 ipisus
888 2382 1136 2466 b.Schwarzii
1151 2408 1281 2487 opera:
1312 2411 1436 2487 quan·
1473 2451 1474 2454 ι

361 2501 591 2601 doqnidem
594 2494 681 2583 cunr
710 2497 756 2574 ad
784 2496 1020 2576 Gebauerum
1053 2499 1218 2577 nostrum
1247 2504 1435 2579 variantes

276 2629 280 2637 ‘
319 2618 321 2629 '
359 2615 534 2693 uniones
555 2636 602 2688 ex
617 2612 786 2716 pluribus
804 2609 1018 2712 Feudorupn
1031 2612 1223 2690 codicibus
1238 2629 1435 2715 excerptas
1474 2569 1476 2675 i

357 2724 486 2808 misire
512 2726 650 2805 constat
674 2730 739 2819 r):
783 2727 879 2829 inter
904 2748 995 2824 quas
1021 2729 1131 2802 etiam
1154 2750 1201 2802 ex
1220 2726 1289 2803 hac
1312 2751 1432 2827 penu,
1474 2788 1476 2823 ;

360 2867 473 2961 quam
496 2842 614 2921 domi
615 2833 798 2931 habebat,
823 2837 1029 2940 symbolam
1058 2835 1161 2918 fuiffe
1194 2842 1431 2943 depromtam

356 2937 542 3037 dubitare
550 2957 614 3033 vix
638 2955 736 3033 licea

471 3181 594 3282 Atque
619 3181 711 3261 haec
740 3179 894 3283 quidem
925 3182 972 3259 de
996 3182 1126 3261 codice
1156 3180 1252 3262 Iuris
1278 3180 1423 3277 Ciuilis,

240 3330 242 3337 ·
356 3300 460 3377 cuius
495 3294 705 3373 addiscendi
739 3296 876 3387 vobis,
926 3290 1135 3375 quuenes
1170 3296 1423 3392 florentiffimi,

208 3449 214 3463 x
248 3416 251 3425 '
356 3420 468 3511 quam
495 3407 683 3509 expedita,
710 3399 820 3507 plana
836 3424 874 3488 et
891 3405 1150 3515 compendiosa
1172 3414 1231 3487 via
1253 3436 1357 3492 nuuc
1385 3417 1426 3490 in

354 3526 424 3603 hac
442 3524 562 3603 nostra
578 3519 787 3623 disciplinae
802 3521 923 3601 ciuilis
941 3523 1137 3601 tradendae
1152 3528 1294 3603 ratione
1316 3528 1425 3605 duda

1370 3656 1426 3717 ‘et

396 3911 675 4003 q)antru1mus
707 3886 764 3999 ipii
793 3884 945 3985 variarum
981 3917 1153 3992 lectionum
1188 3938 1355 3999 numerum
1384 3940 1423 3983 ex

465 4000 630 4156 gippepppe
629 4000 767 4087 aliquot
787 4004 870 4068 vnde
889 4013 1031 4134 apparet,
1060 4023 1172 4089 operae
1194 3992 1421 4089 poenitendum

320 4278 321 4285 ι
395 4248 437 4330 r)
457 4247 501 4313 cf.
525 4244 677 4317 Gebsueri
696 4246 816 4315 Narrat.
837 4245 877 4312 de
896 4216 1111 4316 Brducmmno
1129 4267 1163 4335 p.
1173 4262 1246 4331 175.
1299 4298 1323 4323 .-
