3292 5134
226 449 241 479 s,

155 498 223 536 .s

465 421 469 441 ⁹
1155 435 1166 461 κ

392 505 490 640 413⁶-
628 521 680 568 «π
784 511 1178 618 ms

926 577 935 590 ι
943 575 1052 596 hum?

283 789 293 798 ,
327 647 329 657 1
388 700 623 784 immortalia
622 697 735 790 Viri,
743 698 920 788 confina,
948 701 1064 781 studia
1079 713 1118 780 et
1138 700 1283 784 labores
1308 704 1457 795 fuerint,

389 836 440 897 vt
449 841 550 896 nunc
565 817 768 935 exponam3
799 837 895 897 ame
911 839 990 925 oon
1005 817 1218 914 expellatis,
1244 819 1458 908 Auditores,

283 963 289 976 ·
388 949 433 1012 et
455 932 581 1031 siquis
597 921 780 1029 expellet,
809 952 898 1005 cum
911 916 1015 1006 meos
1038 932 1087 1007 ad
1101 931 1206 1016 hanc
1222 933 1458 1012 Academiam

388 1045 548 1140 accolius
568 1047 614 1122 ab
634 1042 716 1144 iplis
733 1029 968 1142 originibus.
967 1047 1077 1122 nitatis
1090 1044 1228 1144 longe
1237 1045 1343 1140 abfit‚
1381 1073 1458 1148 quo

390 1166 513 1240 minus
544 1162 621 1239 eius
653 1156 836 1258 voluntati
861 1157 1090 1245 satisfaciam
1128 1161 1349 1238 verecundia
1377 1187 1459 1240 mea

190 1239 193 1246 ¹
307 1304 309 1313 ·
389 1273 630 1360 int.ercedit
655 1267 727 1350 Est
748 1285 871 1372 amen
901 1294 997 1370 opus
1020 1273 1233 1363 fundatum,
1262 1274 1458 1366 edulium,

318 1445 321 1452 ⁴
391 1406 564 1470 ornatum
600 1385 801 1474 eiusmodi,
851 1398 915 1461 vt
925 1385 985 1462 vel
1021 1389 1143 1486 primo
1172 1388 1341 1492 adspeiiu
1378 1391 1458 1468 satis

387 1504 546 1608 prodat,
574 1523 668 1601 quae
686 1523 809 1602 meos,
840 1523 949 1599 quae
958 1501 1171 1598 prudentia,
1205 1527 1320 1602 quam
1342 1527 1459 1604 capax

389 1641 518 1718 magni
507 1613 682 1700 consilii
695 1605 858 1698 animus.
889 1637 985 1714 quae
1008 1637 1176 1692 curarum
1200 1617 1331 1707 moles,
1353 1620 1460 1718 quod

389 1734 571 1822 studium,
591 1753 691 1828 quae
717 1728 854 1804 laboris
880 1720 1162 1826 perseuerantia,
1196 1733 1275 1808 eius
1294 1728 1373 1821 elle
1397 1734 1459 1810 de-

390 1849 534 1932 buerit,
561 1847 628 1944 qui
649 1840 743 1917 illud
765 1841 944 1934 eduxerit
1011 1839 1214 1923 Enimuero
1238 1866 1320 1932 nec,
1337 1849 1459 1924 mino-

390 1965 442 2038 ris
474 1957 585 2036 molis
594 2015 607 2044 ,ι
644 1955 741 2032 forte
779 1956 890 2030 etiam
923 1953 1137 2036 difficilioria
1163 1983 1273 2039 corae
1306 1983 1363 2036 res
1394 1964 1455 2050 eli,

388 2097 506 2174 temp.
532 2070 776 2148 academicam
800 2070 895 2146 bene
919 2071 1106 2157 conditam
1132 2075 1352 2163 benetoeri,
1396 2077 1461 2150 in·-

293 2250 297 2258 ,
375 2191 519 2267 choata
542 2181 736 2286 'peificere;
765 2183 908 2264 infirma
923 2182 1087 2275 firmare,
1118 2189 1163 2263 ad
1178 2189 1340 2286 aliquam
1361 2189 1457 2265 eele-

389 2307 561 2381 britatem
576 2314 613 2376 et
629 2321 768 2374 nomen
791 2322 870 2374 non
888 2298 1109 2404 clamoribus
1125 2317 1161 2377 et
1175 2305 1280 2378 inani·
1293 2302 1457 2400 strepitu,

388 2419 453 2496 led
472 2439 558 2492 vera
581 2431 624 2521 ac
646 2411 761 2488 solida
797 2426 835 2488 et
862 2411 1028 2489 mansura
1052 2415 1180 2504 laude,
1234 2417 1457 2501 academiam

387 2530 565 2621 eueher-e;
594 2525 726 2602 multas
751 2550 827 2616 res,
854 2549 948 2624 quae
962 2527 1026 2604 tali
1047 2521 1135 2629 ieip.
1161 2531 1354 2607 litterariae
1370 2533 1457 2608 fata-

266 2667 268 2675 *
383 2647 444 2726 les
462 2639 530 2722 elle
552 2641 690 2729 solent,
711 2640 929 2739 rpraecidere
947 2641 1006 2716 vel
1023 2667 1215 2743 occupare,
1232 2645 1332 2734 altas,
1363 2670 1458 2744 quae

388 2757 584 2859 vtilitatem
607 2756 741 2832 habere
771 2751 937 2853 poliunt,
956 2757 1148 2841 ¹,adiuuare
1175 2774 1213 2835 et
1240 2774 1455 2858 temperare.

306 2961 311 2970 .
386 2872 589 2962 Primordia
608 2871 932 2969 enimvnicuique
949 2871 1153 2948 academiae
1175 2872 1249 2972 ipsa
1275 2876 1327 2950 rei
1351 2877 1459 2950 noui-

388 3003 461 3066 tate
486 2986 535 3064 ad
560 2977 694 3062 faniam
717 2983 883 3083 aliquam
906 2984 989 3060 sunt
1009 2985 1182 3079 [alubria3
1219 2989 1397 3064 vbi-vero
1418 2992 1457 3064 ia

387 3105 505 3199 altum
526 3097 651 3176 coelia
672 3099 776 3174 nauis
805 3095 951 3174 cursum
980 3101 1166 3177 instituere
1189 3104 1331 3199 coepit,
1376 3126 1459 3200 pro-

387 3193 555 3317 spetlos
544 3213 667 3290 taedio
691 3211 774 3287 villi
794 3212 965 3291 homines
989 3215 1037 3288 ad
1054 3215 1143 3291 alias
1169 3238 1273 3291 curas
1293 3218 1329 3292 se
1355 3240 1455 3292 auer-

340 3335 344 3346 ’
388 3341 492 3423 tunt3
525 3329 663 3406 interea
683 3305 746 3406 illa
760 3326 939 3402 immenso
957 3343 1075 3425 ponto
1090 3329 1216 3406 iaciata
1236 3306 1356 3407 modo
1377 3329 1459 3406 vela

389 3456 464 3522 aut:
473 3443 596 3520 funes
603 3439 743 3516 accusat
765 3462 895 3537 parum
915 3441 1091 3530 idoneos,
1124 3445 1237 3553 mimia
1267 3442 1376 3520 laxos
1397 3443 1460 3520 vel

326 3619 330 3640 .
387 3561 591 3644 intentos5
580 3553 718 3630 modo
730 3552 848 3629 locros
872 3557 1019 3634 nauales
1040 3581 1172 3656 parum
1188 3582 1321 3662 operae
1338 3559 1464 3635 interr

386 3686 465 3768 tos;
492 3672 587 3772 inter
601 3669 692 3744 haec
708 3691 757 3764 ea
774 3667 819 3744 ad
835 3667 1036 3768 scopulum
1043 3673 1205 3769 aliquem
1220 3672 1311 3750 solet
1326 3672 1465 3750 adhae-

386 3786 523 3864 reicere
550 3805 617 3861 nec
644 3781 787 3858 cursum
810 3799 944 3861 tenere.
1019 3786 1208 3865 Summam
1231 3790 1344 3884 igitur
1371 3811 1464 3889 pru·

387 3901 531 3984 dentiae
550 3919 592 3990 ac
617 3899 731 3973 nrirae
759 3896 914 3974 alicuius
940 3898 1119 3976 sollertiae
1147 3922 1329 3997 curaeque
1354 3900 1463 3976 inde-

330 4105 332 4112 ,
387 4011 493 4090 fellae
522 4003 669 4089 laudem
684 4010 1060 4110 'prouenirenecelle
1087 4016 1204 4098 estex
1226 4017 1337 4089 rebus
1363 4015 1463 4090 Aca-

387 4128 547 4216 demiae,
592 4128 762 4224 aprinis
796 4125 966 4203 nalceodi
999 4128 1207 4226 primordiis
1236 4127 1460 4226 progrellae,

268 4320 272 4338 Ι
387 4239 541 4328 feliciter
574 4240 826 4336 administratis
853 4255 890 4345 et
917 4240 964 4316 ad
990 4247 1170 4320 maiorum
1202 4267 1329 4318 rerum
1352 4246 1464 4320 initia

1256 4356 1461 4455 prouetiis.
