3292 5134
733 430 736 444 1
934 401 937 410 ι

731 457 732 462 ι
914 454 930 481 ἰ

369 543 375 552 ·
522 511 904 585 *Q'

636 613 639 632 s

1168 569 1223 643 40
1233 571 1264 635 ι,
1318 593 1323 603 ι
1486 578 1487 627 ι

258 703 367 782 ru
397 699 520 803 Caput
542 701 630 780 deae
644 669 839 788 Libertatis
860 703 1079 796 laureatum,
1109 734 1128 784 a
1147 722 1254 810 tergo

181 745 227 896 lit
211 807 310 896 tuus
344 814 521 928 ROMA
559 815 693 894 X.·:
729 815 820 896 Duo
853 810 994 928 equites
1024 841 1252 924 pugnantem
1278 812 1302 927 Ἰ

182 934 299 1021 alter,
338 923 501 1032 parmam
525 933 666 1030 gestam
688 923 777 1031 sigla
799 933 851 1009 M
861 933 966 1034 super
988 916 1143 1013 fulmine
1169 940 1255 1016 insr-
1275 971 1280 977 “

183 1064 316 1146 gnenr,
345 1048 441 1122 hasta
466 1046 681 1144 transadigit
707 1047 882 1138 alterum,
921 1073 992 1148 qur
979 1051 1127 1150 gladro
1155 1053 1252 1151 elato
1295 1111 1300 1125 .
1351 1087 1353 1096 ·

183 1163 316 1260 fugere
342 1162 504 1250 videtur,
542 1183 641 1260 equo
667 1182 707 1236 ce
711 1161 873 1260 spitante.
916 1160 958 1239 C.
979 1135 1251 1251 SERVILIVS.

184 1277 328 1374 Siglam
349 1275 394 1352 M
423 1274 467 1351 ad
496 1275 655 1351 eundem
676 1274 731 1350 M
752 1262 956 1352 Geminum
981 1279 1162 1370 referunt
1205 1282 1255 1358 de
1329 1354 1331 1359 ,

186 1390 326 1492 quoad
345 1387 421 1466 nl.
449 1389 630 1478 diximus,
669 1405 709 1463 vt
735 1393 813 1465 eius
832 1391 901 1466 alia
922 1415 969 1466 ex
987 1371 1257 1493 prouocatione

185 1527 315 1604 pugna
337 1503 563 1582 exhibeatur.
635 1501 762 1581 Potior
789 1488 911 1601 tamen
935 1507 984 1581 est
1008 1505 1262 1611 Hauercampi
1403 1584 1406 1601 ,

185 1619 363 1718 suspicio,
395 1617 647 1694 referendum
674 1615 742 1692 esse
766 1641 923 1700 numum
948 1620 993 1695 ad
1018 1622 1185 1719 aquuem
1209 1620 1251 1698 C

185 1733 386 1811 Servilium
415 1731 614 1832 Augurem
633 1729 888 1821 Manlianum,
934 1735 1077 1832 quiex
1102 1736 1255 1814 Manliis
1359 1822 1362 1829 ,

186 1847 391 1947 Torquatis
417 1847 655 1947 adoptione
645 1870 685 1922 ιιι
708 1827 903 1976 Seruiliam
923 1862 1088 1946 gentem
1105 1851 1264 1927 transiit.

187 1959 385 2059 Motellmp.
483 1977 486 1992 ¹
512 2005 517 2022 ι

304 2105 363 2182 lV.
397 2081 519 2202 Caput
535 2101 727 2200 Minervae
749 2056 935 2232 galpatum
950 2125 1038 2180 eum
1055 2102 1191 2201 aegide
1208 2100 1257 2186 ad

186 2215 327 2320 pedus
359 2213 597 2318 nutui:
628 2214 711 2292 Viti
714 2206 790 2290 oria
815 2220 854 2291 in
875 2220 969 2314 bigis
993 2217 1126 2300 dextra
1146 2219 1261 2299 habe

186 2359 276 2421 nas,
322 2330 455 2424 finistra
479 2306 639 2430 palmam
669 2343 808 2406 tenens.
850 2329 886 2406 P
909 2327 1119 2407 SERVlL'si
1144 2330 1270 2407 Murri

188 2446 281 2526 Filii.
314 2442 469 2543 SiglaP
542 2444 701 2521 Videtur
725 2445 786 2522 hie
813 2443 948 2523 Rullus
973 2444 1154 2536 Quaestor
1172 2468 1261 2544 pro-

187 2561 359 2640 vincialis
385 2559 450 2636 sub
473 2559 573 2636 Sulla
598 2557 702 2636 Praet
688 2572 779 2652 tore
795 2559 884 2634 belli
901 2558 1183 2636 Mithridatieit
1168 2574 1269 2641 t·em
1288 2566 1291 2571 ’

188 2699 288 2776 pore
313 2697 447 2754 numos
476 2677 545 2773 bos
569 2671 772 2773 signassea.
799 2681 892 2749 661.
935 2672 1011 2752 Cat.
1048 2670 1259 2749 uHauetb.
1300 2678 1304 2682 ’

189 2785 333 2868 Morell.
347 2789 377 2878 I,
386 2813 436 2902 7.
839 2813 841 2819 ’

309 2896 494 3032 SPVRIA.
530 2929 582 3006 I.
610 2926 731 3029 Caput
747 2925 1101 3033 Romaegaleatum.
1132 2923 1265 3002 X.-
1223 2961 1265 2988 -ι-
1365 2989 1372 2998 .

192 3044 349 3124 Drarta
338 3067 377 3118 ιιι
393 3061 471 3120 ortis
496 3045 601 3141 bigis.
631 3042 672 3118 A
694 3039 884 3118 SPVRlur
944 3042 1070 3116 Moress
1070 3046 1118 3115 ius
1140 3039 1267 3139 Spuri·
1323 3092 1326 3108 .

190 3161 288 3236 liam
303 3174 452 3258 gentem
468 3158 590 3234 edidit.
651 3157 704 3232 M
721 3156 874 3254 Spurius
888 3152 983 3228 suit
972 3168 1069 3229 mter
1083 3150 1267 3253 percusso-

194 3299 257 3351 res
280 3271 449 3350 Caesaris.
481 3263 679 3372 v.Appian.
705 3266 836 3345 RCiv.
849 3265 895 3344 ll.
927 3288 962 3368 p.
985 3283 1058 3362 813
1095 3270 1231 3365 (499).

314 3433 628 3516 SVLPICIA.I
610 3433 788 3538 LCaput
804 3433 970 3536 Virginis
993 3433 1148 3512 Vestalis
1173 3434 1272 3513 vela·
1295 3442 1298 3451 ¹

191 3571 294 3630 tum.
313 3548 476 3628 SC:
437 3549 653 3650 -Culter,
682 3551 883 3649 simpulum
901 3566 938 3625 et
958 3539 1144 3648 secespita:
1174 3547 1273 3626 Pon-

188 3665 539 3762 tificatusiusrgnia.
570 3664 608 3742 Ρ.
627 3662 780 3745 GALBu
806 3659 962 3740 AEDisir
986 3649 1100 3747 CVR.
1133 3659 1274 3742 Mortis.
1406 3734 1409 3743 ,
1486 3654 1487 3661 '

191 3807 242 3862 2.
288 3779 344 3856 Si
363 3803 502 3856 numus
522 3782 566 3856 ab
594 3776 725 3857 eodem
749 3776 787 3854 P
802 3777 980 3876 Sulpicio
1002 3776 1125 3855 Galba
1153 3774 1276 3872 Aedili

191 3894 343 3974 Curuli
370 3893 531 3996 lignatus
557 3897 627 3985 est,
672 3906 774 3971 extra
801 3893 971 3968 ordinem
1004 3890 1098 3968 iussu
1121 3891 1287 3967 Senatus.
1318 3895 1321 3913 ‘·

190 4009 347 4092 fastum
367 4005 505 4087 neeesse
521 4011 589 4097 est
623 4008 727 4110 quod
747 4007 834 4082 alias
857 4007 903 4082 ad
921 4004 1090 4083 llLviros
1108 4019 1277 4089 moneta·
1317 3991 1321 4049 i
1438 4051 1442 4066 .

193 4129 286 4211 les,
330 4137 368 4201 et
390 4124 434 4197 ad
468 4117 687 4274 Quaestores
718 4123 883 4207 muneris
911 4123 1054 4198 ratione
1086 4117 1301 4218 spectabat-
1424 4087 1436 4203 ‚⁸

193 4235 350 4320 Morou.
370 4241 412 4321 :A
445 4258 480 4312 2.
587 4254 590 4259 ·
1197 4277 1201 4287 .

266 4369 384 4453 Heynii
402 4367 509 4457 Opust
522 4364 609 4434 acad
642 4365 690 4434 Vo
690 4367 710 4432 l.
723 4365 772 4440 H.
887 4315 950 4428 CC
1078 4341 1279 4424 THORIA.
