3292 5134
554 471 890 564 ‘··..·.·.·.·-..„·..·.!
1199 517 1391 635 ·407

326 687 375 770 Et
395 691 486 770 haec
509 681 661 794 quidem
692 695 739 772 de
757 692 880 772 nunris
903 690 1124 771 familiarum
1144 682 1283 773 Roma·
1320 739 1333 756 ι

204 829 347 885 narum
369 809 408 882 in
432 807 565 902 Museo
590 810 714 886 nostro
739 811 950 916 academico
965 809 1137 903 seruatis3
1193 835 1282 907 narn

202 919 483 1019 Imperatorum
500 920 756 1015 Ronr'anomm
777 948 912 1002 numos
939 929 1060 1001 omnis
1081 927 1225 1022 generis
1240 949 1285 1002 ac

206 1035 373 1119 moduli,
408 1057 496 1112 cum
511 1039 748 1114 barbarorum
763 1031 904 1127 nemis,
921 1054 971 1117 'et
986 1039 1183 1126 brasleatis,
1200 1051 1284 1116 tum

204 1151 462 1226 recentiorum
481 1165 691 1250 temporum
711 1177 845 1229 numos
871 1153 1090 1231 enarrandos
1115 1156 1154 1228 i'n
1181 1151 1284 1229 aliud

205 1276 363 1361 tempus
382 1263 557 1361 seponere
578 1263 719 1368 'necesse
737 1267 796 1344 est„
871 1264 916 1343 lo
938 1267 1005 1344 hac
1027 1281 1151 1344 autem
1170 1290 1284 1366 opera
1312 1279 1337 1319 ·,

203 1379 334 1452 nostra
359 1375 452 1474 quid
465 1379 607 1472 seruuti
627 1377 757 1470 fimus,
788 1379 895 1457 facile
913 1382 1143 1482 perspicitur:
1188 1380 1310 1456 scili-k
1437 1373 1442 1386 “

204 1503 272 1566 cet
294 1491 473 1566 censenda
491 1491 618 1569 illaesi
639 1517 767 1582 exeo,
798 1493 903 1594 quod
927 1495 1156 1595 diligentiam
1179 1494 1284 1570 adhi-

205 1605 364 1684 buimus
382 1607 421 1678 in
439 1606 661 1705 indagando,
687 1608 731 1684 ad
752 1625 864 1708 quam
879 1623 1030 1706 gentem
1046 1633 1088 1687 ac
1106 1605 1284 1685 familiari

205 1742 349 1794 numus
369 1721 529 1818 quisque
545 1720 731 1822 spedaret,
754 1739 791 1798 e't
806 1727 846 1798 in
861 1723 1110 1854 comparando
1132 1746 1285 1798 cocum

203 1833 275 1920 iis,
323 1855 484 1930 quorum
511 1833 709 1913 delineatio
731 1850 768 1913 et
794 1835 988 1944 descriptio
1011 1863 1032 1914 a
1058 1839 1144 1913 viris
1169 1832 1285 1912 doliis

209 1949 287 2022 iam
312 1946 458 2043 prodita
475 1949 534 2024 est.
587 1948 678 2057 Nec
699 1973 788 2026 vero
815 1975 906 2050 opes
930 1952 1069 2028 nostras
1094 1950 1181 2027 cuni
1204 1949 1294 2026 vllo·

207 2083 346 2158 regum
363 2084 403 2136 ac
416 2050 626 2162 principum
641 2064 912 2164 gazophylacio
928 2064 1153 2140 contendere
1170 2060 1283 2162 posse,

205 2174 270 2248 sat
246 2189 292 2249 trs
318 2175 544 2274 perspesium
567 2177 763 2272 habemus3
792 2177 915 2253 sumus
944 2200 1122 2277 pauperes
1146 2179 1185 2250 in
1201 2200 1284 2251 aere

206 2289 359 2380 nollt03
400 2290 516 2388 ‘quod
533 2290 638 2389 srqui
657 2291 760 2380 sunt,
788 2293 855 2390 qui
876 2289 939 2364 seu
957 2279 1106 2388 publica
1122 2289 1185 2365 seu
1208 2290 1285 2388 pri-

211 2417 299 2504 vata
322 2401 703 2480 liberalitate-arculas
731 2405 868 2480 nostras
900 2403 1130 2503 locupletare
1154 2401 1286 2483 volue-

209 2518 304 2600 rint,
340 2520 510 2614 gratialis
536 2517 732 2594 habebitur
753 2518 903 2618 publice
928 2541 971 2594 ac
987 2519 1170 2617 priuatim.
1230 2513 1286 2590 Vt

211 2644 337 2706 tamen
360 2630 474 2722 haec,
510 2655 612 2731 =quae
644 2627 790 2709 inillis
815 2632 936 2708 adhuc
967 2630 1051 2708 sunt
1079 2630 1283 2719 recondita,

208 2741 492 2844 recenseremus,
523 2769 565 2822 ea
582 2749 743 2822 maxime
761 2744 875 2852 caussa
895 2771 963 2823 nos
979 2746 1145 2834 adduxit,
1170 2741 1286 2821 Com-

209 2859 412 2962 militones,
449 2859 562 2959 quod,
588 2860 679 2958 quid
696 2863 735 2935 in
752 2857 910 2959 copiolis
933 2859 1030 2935 hisce
1045 2859 1176 2935 nostris
1193 2881 1285 2940 con-

211 2975 412 3060 erneretur,
439 2973 589 3072 publice
615 2973 876 3050 declarandum
901 2971 970 3048 elle
993 2972 1203 3061 videbatur,
1233 2984 1285 3060 vt,

210 3086 343 3185 siquis
368 3083 453 3164 esset
467 3088 637 3176 vestrum,
667 3088 772 3165 cuius
788 3083 980 3175 interesset,
1013 3086 1144 3163 harum
1162 3107 1287 3162 rerum

209 3202 359 3300 gustum
376 3199 522 3289 habere,
551 3200 762 3303 facultatem
779 3225 839 3276 eas
854 3199 1102 3298 cognoscendi
1115 3203 1157 3276 in
1168 3196 1288 3276 Geor-

212 3317 276 3414 gia
298 3313 459 3414 Augusta
477 3334 555 3390 non
579 3312 696 3412 deesse
711 3307 945 3414 intelligeret
1005 3311 1062 3398 Eo
1079 3316 1180 3391 enim
1198 3307 1290 3392 con·

212 3424 295 3504 filio
319 3431 488 3505 omnium
512 3429 643 3504 harum
665 3432 793 3528 opunr'
809 3429 882 3506 seu.
895 3440 1045 3516 naturae
1059 3419 1125 3506 'seu
1146 3427 1289 3525 ingenii

206 3542 386 3630 humani,
421 3565 512 3642 quas
531 3546 663 3642 partim
682 3541 911 3621 Bibliotheca
938 3542 1107 3644 publiea,
1155 3543 1299 3643 partim,

208 3655 388 3736 Museum'
411 3659 598 3744 continet,
643 3656 812 3756 prouisus
835 3657 963 3748 sallus
978 3656 1050 3746 est,
1093 3660 1144 3734 ut*
1160 3655 1292 3732 instru-

208 3784 339 3848 menta
362 3763 547 3870 ingenuae
573 3769 779 3860 dodonae,
809 3769 885 3847 fine
904 3771 1040 3869 quibus
1066 3769 1169 3848 nulla
1185 3772 1291 3868 inge·

209 3889 366 3961 niorum
391 3883 552 3961 sollertia
571 3899 633 3962 aut
653 3883 832 3968 subtilitas
849 3884 930 3967 satis
957 3882 1136 3984 prolicere
1159 3881 1290 3982 potest,

211 3998 502 4076 desiderantibus
522 4000 560 4074 in
578 4002 730 4099 promtu
754 3999 841 4075 sint:
880 4001 976 4074 inter
1000 4021 1041 4074 ea
1064 4009 1186 4073 autem
1205 4018 1293 4073 cum

208 4114 363 4190 libraria
384 4109 550 4211 supellex
571 4113 770 4203 censenda,
821 4128 903 4192 tum
922 4111 1147 4189 bibliotheca
1168 4109 1291 4196 altera,

213 4249 333 4343 eaque
355 4225 478 4322 multo
505 4227 663 4329 amplior
682 4241 719 4307 et
753 4227 798 4304 ad
818 4251 961 4309 reram
958 4223 1167 4345 dosirinam
1192 4221 1295 4298 haud

726 4343 838 4441 Cc4
1165 4340 1293 4416 nriuus·
