3292 5134
564 528 845 601 m
885 550 918 571 1-
1111 496 1239 599 §197

202 682 270 759 iacit
291 678 362 780 ipsu
378 677 518 759 summa
535 680 604 754 viri
625 676 817 755 austoritas
837 696 875 753 et
900 675 1113 777 exemplum
1137 676 1242 755 fami.

202 796 323 871 liarium
342 796 386 871 ab
408 818 454 871 eo
480 796 519 869 in
547 792 757 870 sodalitium
787 808 1032 892 receptorum.
1099 789 1244 891 Deb'uit

202 910 258 985 troc
274 909 368 993 idem
392 911 468 1015 yir'rr
488 895 623 983 habere
644 907 689 983 ad
708 906 844 983 ceteras
864 909 1049 993 ciuitates,
1079 906 1123 981 ad
1152 928 1265 1005 quas

202 1019 245 1098 illi
272 1026 468 1123 praeceptis
500 1020 672 1103 ciuilibus
701 1020 862 1099 intrudi
891 1024 1024 1121 partim
1053 1020 1245 1119 redieruut

202 1150 229 1213 et
251 1141 284 1213 in
311 1140 357 1215 iis
381 1140 563 1215 vixerunt.

293 1336 374 1420 Nec
400 1292 440 1411 in
467 1314 743 1431 dubitationem
765 1336 888 1410 uocari
922 1335 1057 1435 potest,
1099 1357 1246 1434 praece-

202 1452 347 1549 ptionem
380 1462 434 1526 et'
453 1448 678 1549 disciplinam
712 1446 940 1547 Pythagorae
970 1473 1142 1547 magnam
1169 1450 1246 1537 vim
1368 1494 1372 1500 ·
1417 1447 1422 1454 ’

202 1565 240 1639 ad
263 1564 341 1641 alias
367 1565 532 1641 ciuitates
556 1559 716 1649 habuisse
734 1562 925 1653 haetenus,
966 1564 1090 1662 quod,
1123 1577 1246 1659 tyran·
1287 1556 1290 1567 '

202 1700 318 1755 norum
342 1678 430 1754 odio
458 1692 495 1753 et
520 1676 696 1753 libertatis
727 1701 852 1752 amore
877 1677 1108 1776 inflammatis
1132 1690 1168 1751 et
1198 1676 1245 1752 ad
1275 1736 1288 1755 a

204 1792 350 1869 iustitiam
366 1806 404 1868 et
421 1793 641 1891 aequitatem
657 1791 869 1869 informatis·
880 1792 1146 1891 discipulorum
1169 1793 1249 1894 ani-f
1282 1848 1287 1854 -

204 1908 275 1995 mis,
300 1906 415 1985 multa
429 1904 554 2005 passim
573 1931 638 2005 per
656 1905 821 1982 ciuitates
839 1906 971 1984 melius
991 1908 1161 1983 constitui
1183 1931 1247 1981 ne-

203 2018 275 2097 cesse
294 2022 371 2098 suit.
432 2018 604 2121 Cumque
619 2020 810 2099 auctoritas
838 2024 917 2096 eius
940 2036 1045 2107 tanta
1066 2019 1146 2115 esses
1160 2044 1246 2094 coe-

202 2132 304 2232 pisset,
340 2149 477 2237 quanta
505 2132 607 2211 suiise
636 2133 769 2223 fertur,
811 2129 1060 2234 Pythagoram
1086 2132 1261 2232 consiliis
1322 2155 1326 2172 ·

205 2272 236 2325 ac
253 2252 397 2327 monitis
414 2250 622 2347 ciuitatibus
639 2262 702 2325 aut
720 2251 852 2323 eorurri
866 2237 1133 2348 magistratibus
1157 2243 1245 2345 pro·
1268 2345 1271 2350 Ι

204 2362 279 2441 desse
321 2360 478 2467 potuisse
518 2364 600 2463 quis
636 2358 809 2438 dubitet?
862 2357 1050 2447 Tandenrr
1063 2362 1128 2450 iis,
1180 2344 1283 2460 quil

205 2500 241 2552 ex
274 2480 347 2556 eius
384 2476 506 2555 schola
545 2476 779 2583 prodierant,
826 2478 914 2575 reip.
943 2475 1122 2565 admotis,
1172 2475 1246 2564 dici

206 2606 324 2689 poterat
345 2593 468 2693 aliqua
485 2604 583 2669 certe
604 2594 768 2679 ratione,
798 2590 993 2667 familiares
1018 2595 1095 2667 eius
1120 2587 1248 2689 rexisse

208 2707 345 2786 ciuitates
373 2731 439 2809 per
463 2705 625 2796 Italiam,
679 2717 719 2782 ut
747 2730 780 2781 v.
808 2729 839 2782 c.
875 2696 1163 2787 deaeAtistoxen'o
1188 2729 1244 2803 ap.

204 2806 403 2923 porphyri.
428 2842 487 2919 54.
616 2852 619 2859 ·
1232 2821 1240 2829 ’

297 3019 434 3099 Verum
455 3020 481 3098 fi
512 3018 550 3097 de
568 3017 707 3117 legibus,
739 2967 1069 3125 quasPythagoras
1086 3030 1123 3094 et
1147 2948 1251 3093 disci·
1324 3083 1329 3094 ,

208 3133 273 3231 puli
289 3138 490 3215 ciuitatibus
510 3132 677 3235 scripsisse
692 3122 886 3220 seruntur,
917 3135 1122 3230 quaeritur,
1135 3229 1138 3239 ¹
1153 3127 1249 3242 diffi-
1345 3138 1369 3208 J

208 3248 264 3325 cile
281 3254 345 3343 est,
377 3251 518 3353 aliquid
542 3252 722 3350 reperire,
750 3249 811 3324 cui
828 3246 908 3323 satis
926 3244 1040 3324 fidere
1062 3247 1185 3437 liceapJ
1195 3241 1270 3348 e).'
1322 3361 1325 3368 x
1378 3278 1382 3283 ·
1427 3256 1439 3279 ²

500 3395 504 3405 ⁴
1045 3429 1053 3439 ,
1186 3386 1247 3439 am
1337 3430 1341 3448 ,

239 3519 266 3601 r)
292 3523 400 3587 Parum
429 3532 512 3584 certa
541 3520 620 3583 fides
647 3529 679 3583 et
707 3508 876 3583 austoritas
895 3519 927 3583 in
950 3516 990 3583 iis
1011 3517 1155 3603 est'quae
1177 3520 1251 3583 Por·
1376 3564 1382 3580 r

297 3608 427 3689 phyrios
452 3606 474 3670 s.
494 3624 545 3671 21.
575 3615 700 3667 etcum
722 3625 760 3671 eo
784 3604 972 3676 lamblichus
994 3605 1016 3666 s.
1035 3620 1087 3681 33.
1119 3603 1250 3669 eNico·

295 3692 417 3763 macho,
448 3690 523 3773 item
545 3710 583 3750 ex
605 3686 768 3752 Heraclide
786 3705 857 3775 139.
879 3688 1072 3769 adscripsere.
1134 3686 1250 3751 contr·

295 3772 456 3837 manifeste
476 3772 546 3835 suot
566 3770 656 3835 studii
683 3783 716 3832 et
735 3768 942 3846 cupiditatis„
963 3772 1066 3850 omnis
1091 3772 1123 3843 in
1150 3772 1251 3834 maius

294 3856 444 3920 efferendi
464 3870 497 3919 et
524 3854 688 3937 magnifiee
708 3855 895 3925 exornandi,
924 3854 1068 3938 uestigia,
1097 3858 1170 3915 dum
1195 3851 1268 3935 pet'

210 3977 212 3985 ·
296 3942 453 4003 auditores
472 3938 543 4006 suos
568 3940 658 4003 urbes
688 3934 796 4000 ltaliae
823 3951 856 3999 et
875 3937 1000 4002 Siciliae
1024 3942 1056 4002 in
1076 3939 1257 4015 libertatem,

297 4022 460 4089 vindicasse
482 4034 515 4085 et
542 4022 660 4085 ciuium
679 4019 797 4089 otffidia
820 4041 891 4103 per·
904 4017 1025 4090 omnes
1043 4024 1133 4084 urbes
1154 4019 1250 4083 sustu·

297 4108 363 4170 iisse
388 4108 578 4189 Pythagoras
604 4116 755 4178 narratur,
798 4105 923 4171 Subesse
944 4118 1050 4169 tumen
1068 4102 1185 4165 neeesse
1205 4102 1250 4169 est
1357 4108 1361 4125 '

300 4192 424 4273 sliquid,
449 4193 531 4273 quod
553 4190 600 4253 ilii
630 4209 740 4253 ornare
765 4201 906 4266 potuere.
966 4188 1053 4260 Fecit
1072 4183 1249 4249 commissis

298 4274 649 4381 homiuumpersuafip,
685 4274 933 4435 thghrmdrm
959 4282 993 4335 et
1018 4270 1252 4422 Zaleuerppdeelpr
