<?xml version="1.0" encoding="UTF-8"?>
<!DOCTYPE html PUBLIC "-//W3C//DTD XHTML 1.0 Transitional//EN"
    "http://www.w3.org/TR/xhtml1/DTD/xhtml1-transitional.dtd">
<html xmlns="http://www.w3.org/1999/xhtml" xml:lang="en" lang="en">
 <head>
  <title>
</title>
<meta http-equiv="Content-Type" content="text/html;charset=utf-8" />
  <meta name='ocr-system' content='tesseract 3.04.00' />
  <meta name='ocr-capabilities' content='ocr_page ocr_carea ocr_par ocr_line ocrx_word'/>
</head>
<body>
  <div class='ocr_page' id='page_1' title='image "./opvscvlaacademi04heyngoog_0024.png"; bbox 0 0 3292 5134; ppageno 0'>
   <div class='ocr_carea' id='block_1_1' title="bbox 762 430 973 615">
    <p class='ocr_par' dir='ltr' id='par_1_1' title="bbox 762 430 973 615">
     <span class='ocr_line' id='line_1_1' title="bbox 783 430 973 481; baseline 0 0"><span class='ocrx_word' id='word_1_1' title='bbox 783 473 788 481; x_wconf 73' lang='grc' dir='ltr'>ι</span> <span class='ocrx_word' id='word_1_2' title='bbox 851 448 858 471; x_wconf 72' lang='grc' dir='ltr'><strong><em>Ι</em></strong></span> <span class='ocrx_word' id='word_1_3' title='bbox 969 430 973 437; x_wconf 63' lang='grc' dir='ltr'>Ι</span> 
     </span>
     <span class='ocr_line' id='line_1_2' title="bbox 768 560 866 588; baseline 0.01 -1"><span class='ocrx_word' id='word_1_4' title='bbox 768 560 774 587; x_wconf 83' lang='lat' dir='ltr'>l</span> <span class='ocrx_word' id='word_1_5' title='bbox 863 582 866 588; x_wconf 78' lang='grc'>.</span> 
     </span>
     <span class='ocr_line' id='line_1_3' title="bbox 762 600 769 615; baseline 0 0"><span class='ocrx_word' id='word_1_6' title='bbox 762 600 769 615; x_wconf 70' lang='lat' dir='ltr'><em>a</em></span> 
     </span>
    </p>
   </div>
   <div class='ocr_carea' id='block_1_2' title="bbox 357 524 442 628">
    <p class='ocr_par' dir='ltr' id='par_1_2' title="bbox 357 524 442 628">
     <span class='ocr_line' id='line_1_4' title="bbox 357 524 442 628; baseline -0.106 -30"><span class='ocrx_word' id='word_1_7' title='bbox 357 524 442 628; x_wconf 70' lang='lat' dir='ltr'>‚in</span> 
     </span>
    </p>
   </div>
   <div class='ocr_carea' id='block_1_3' title="bbox 193 648 1484 4439">
    <p class='ocr_par' dir='ltr' id='par_1_3' title="bbox 502 648 1484 785">
     <span class='ocr_line' id='line_1_5' title="bbox 502 648 1484 785; baseline -0.006 -20"><span class='ocrx_word' id='word_1_8' title='bbox 502 684 610 785; x_wconf 77' lang='lat' dir='ltr'>Quae</span> <span class='ocrx_word' id='word_1_9' title='bbox 633 710 722 767; x_wconf 80' lang='lat' dir='ltr'>vero</span> <span class='ocrx_word' id='word_1_10' title='bbox 744 685 882 764; x_wconf 80' lang='lat' dir='ltr'>caulla&#39;e</span> <span class='ocrx_word' id='word_1_11' title='bbox 905 684 1066 767; x_wconf 88' lang='lat' dir='ltr'>Graecos</span> <span class='ocrx_word' id='word_1_12' title='bbox 1088 648 1304 785; x_wconf 75' lang='lat' dir='ltr'>impule&#39;rint</span> <span class='ocrx_word' id='word_1_13' title='bbox 1327 682 1373 759; x_wconf 90' lang='lat' dir='ltr'>ad</span> <span class='ocrx_word' id='word_1_14' title='bbox 1400 692 1484 760; x_wconf 76' lang='lat' dir='ltr'>tot</span> 
     </span>
    </p>

    <p class='ocr_par' dir='ltr' id='par_1_4' title="bbox 193 785 1461 1127">
     <span class='ocr_line' id='line_1_6' title="bbox 193 785 1458 900; baseline -0.006 -21"><span class='ocrx_word' id='word_1_15' title='bbox 193 845 199 865; x_wconf 88' lang='lat'><strong>·</strong></span> <span class='ocrx_word' id='word_1_16' title='bbox 279 862 287 882; x_wconf 47' lang='lat' dir='ltr'>i</span> <span class='ocrx_word' id='word_1_17' title='bbox 385 824 504 878; x_wconf 88' lang='lat' dir='ltr'>nouas</span> <span class='ocrx_word' id='word_1_18' title='bbox 543 804 585 877; x_wconf 92' lang='lat' dir='ltr'>in</span> <span class='ocrx_word' id='word_1_19' title='bbox 624 785 729 881; x_wconf 80' lang='lat' dir='ltr'>Italia</span> <span class='ocrx_word' id='word_1_20' title='bbox 770 800 873 891; x_wconf 81' lang='lat' dir='ltr'>sedes</span> <span class='ocrx_word' id='word_1_21' title='bbox 904 800 1108 900; x_wconf 85' lang='lat' dir='ltr'>petendas,</span> <span class='ocrx_word' id='word_1_22' title='bbox 1169 798 1202 875; x_wconf 24' lang='lat' dir='ltr'>&#39;fi</span> <span class='ocrx_word' id='word_1_23' title='bbox 1231 801 1458 897; x_wconf 80' lang='lat' dir='ltr'>quaeritur:</span> 
     </span>
     <span class='ocr_line' id='line_1_7' title="bbox 384 911 1461 1017; baseline -0.002 -27"><span class='ocrx_word' id='word_1_24' title='bbox 384 916 519 1016; x_wconf 87' lang='lat' dir='ltr'>partim</span> <span class='ocrx_word' id='word_1_25' title='bbox 554 911 600 990; x_wconf 92' lang='lat' dir='ltr'>de</span> <span class='ocrx_word' id='word_1_26' title='bbox 634 912 785 1017; x_wconf 86' lang='lat' dir='ltr'>fingnlis</span> <span class='ocrx_word' id='word_1_27' title='bbox 820 915 979 993; x_wconf 90' lang='lat' dir='ltr'>coloniis</span> <span class='ocrx_word' id='word_1_28' title='bbox 1017 939 1058 990; x_wconf 90' lang='lat' dir='ltr'>ea</span> <span class='ocrx_word' id='word_1_29' title='bbox 1091 913 1137 989; x_wconf 89' lang='lat' dir='ltr'>de</span> <span class='ocrx_word' id='word_1_30' title='bbox 1169 936 1209 988; x_wconf 87' lang='lat' dir='ltr'>re</span> <span class='ocrx_word' id='word_1_31' title='bbox 1247 911 1461 1010; x_wconf 86' lang='lat' dir='ltr'>expeditior</span> 
     </span>
     <span class='ocr_line' id='line_1_8' title="bbox 385 1024 1460 1127; baseline -0.001 -25"><span class='ocrx_word' id='word_1_32' title='bbox 385 1028 582 1127; x_wconf 80' lang='lat' dir='ltr'>disputatio</span> <span class='ocrx_word' id='word_1_33' title='bbox 609 1027 669 1116; x_wconf 88' lang='lat' dir='ltr'>est,</span> <span class='ocrx_word' id='word_1_34' title='bbox 688 1043 725 1104; x_wconf 91' lang='lat' dir='ltr'>et</span> <span class='ocrx_word' id='word_1_35' title='bbox 741 1029 897 1107; x_wconf 87' lang='lat' dir='ltr'>videnda</span> <span class='ocrx_word' id='word_1_36' title='bbox 916 1028 999 1106; x_wconf 87' lang='lat' dir='ltr'>sunt</span> <span class='ocrx_word' id='word_1_37' title='bbox 1016 1049 1108 1125; x_wconf 88' lang='lat' dir='ltr'>quae</span> <span class='ocrx_word' id='word_1_38' title='bbox 1131 1026 1176 1102; x_wconf 91' lang='lat' dir='ltr'>de</span> <span class='ocrx_word' id='word_1_39' title='bbox 1196 1029 1243 1127; x_wconf 85' lang='lat' dir='ltr'>iis</span> <span class='ocrx_word' id='word_1_40' title='bbox 1268 1024 1460 1124; x_wconf 79' lang='lat' dir='ltr'>sigillatim</span> 
     </span>
    </p>

    <p class='ocr_par' dir='ltr' id='par_1_5' title="bbox 285 1140 1484 1337">
     <span class='ocr_line' id='line_1_9' title="bbox 285 1140 1460 1243; baseline -0.005 -24"><span class='ocrx_word' id='word_1_41' title='bbox 285 1182 289 1190; x_wconf 87' lang='lat'><em>·</em></span> <span class='ocrx_word' id='word_1_42' title='bbox 386 1142 479 1219; x_wconf 77' lang='lat' dir='ltr'>dicta</span> <span class='ocrx_word' id='word_1_43' title='bbox 503 1142 605 1235; x_wconf 86' lang='lat' dir='ltr'>lunt;</span> <span class='ocrx_word' id='word_1_44' title='bbox 662 1143 797 1243; x_wconf 85' lang='lat' dir='ltr'>partim</span> <span class='ocrx_word' id='word_1_45' title='bbox 824 1144 990 1221; x_wconf 86' lang='lat' dir='ltr'>vniuerle</span> <span class='ocrx_word' id='word_1_46' title='bbox 1012 1142 1260 1243; x_wconf 87' lang='lat' dir='ltr'>quaestionem</span> <span class='ocrx_word' id='word_1_47' title='bbox 1287 1140 1460 1216; x_wconf 78' lang='lat' dir='ltr'>tradaui-</span> 
     </span>
     <span class='ocr_line' id='line_1_10' title="bbox 383 1252 1484 1337; baseline -0.005 -4"><span class='ocrx_word' id='word_1_48' title='bbox 383 1279 467 1333; x_wconf 86' lang='lat' dir='ltr'>mus</span> <span class='ocrx_word' id='word_1_49' title='bbox 491 1259 531 1331; x_wconf 88' lang='lat' dir='ltr'>in</span> <span class='ocrx_word' id='word_1_50' title='bbox 551 1252 877 1336; x_wconf 70' lang='lat' dir='ltr'>commentatione</span> <span class='ocrx_word' id='word_1_51' title='bbox 895 1260 934 1334; x_wconf 86' lang='lat' dir='ltr'>de</span> <span class='ocrx_word' id='word_1_52' title='bbox 948 1268 1011 1337; x_wconf 76' lang='lat' dir='ltr'>vel.</span> <span class='ocrx_word' id='word_1_53' title='bbox 1036 1253 1204 1334; x_wconf 76' lang='lat' dir='ltr'>Colontor.</span> <span class='ocrx_word' id='word_1_54' title='bbox 1224 1256 1301 1331; x_wconf 83' lang='lat' dir='ltr'>Iure</span> <span class='ocrx_word' id='word_1_55' title='bbox 1316 1260 1460 1329; x_wconf 82' lang='lat' dir='ltr'>et&#39;cuur-</span> <span class='ocrx_word' id='word_1_56' title='bbox 1483 1292 1484 1295; x_wconf 37' lang='lat'>¹</span> 
     </span>
    </p>

    <p class='ocr_par' dir='ltr' id='par_1_6' title="bbox 374 1364 1461 1475">
     <span class='ocr_line' id='line_1_11' title="bbox 374 1364 1461 1475; baseline -0.003 -30"><span class='ocrx_word' id='word_1_57' title='bbox 374 1374 420 1475; x_wconf 81' lang='lat' dir='ltr'>fis</span> <span class='ocrx_word' id='word_1_58' title='bbox 454 1367 553 1471; x_wconf 88' lang='lat' dir='ltr'>(lup.</span> <span class='ocrx_word' id='word_1_59' title='bbox 588 1372 668 1450; x_wconf 86' lang='lat' dir='ltr'>Vol.</span> <span class='ocrx_word' id='word_1_60' title='bbox 682 1374 723 1463; x_wconf 68' lang='grc'>1,,</span> <span class='ocrx_word' id='word_1_61' title='bbox 732 1402 769 1471; x_wconf 81' lang='lat' dir='ltr'>p.</span> <span class='ocrx_word' id='word_1_62' title='bbox 785 1388 860 1457; x_wconf 84' lang='lat'>296</span> <span class='ocrx_word' id='word_1_63' title='bbox 879 1366 965 1473; x_wconf 73' lang='lat' dir='ltr'>fu).</span> <span class='ocrx_word' id='word_1_64' title='bbox 1023 1368 1078 1446; x_wconf 87' lang='lat' dir='ltr'>Vt</span> <span class='ocrx_word' id='word_1_65' title='bbox 1093 1383 1217 1447; x_wconf 88' lang='lat' dir='ltr'>tamen</span> <span class='ocrx_word' id='word_1_66' title='bbox 1238 1392 1339 1445; x_wconf 91' lang='lat' dir='ltr'>nunc</span> <span class='ocrx_word' id='word_1_67' title='bbox 1358 1364 1461 1443; x_wconf 79' lang='lat' dir='ltr'>luria-</span> 
     </span>
    </p>

    <p class='ocr_par' dir='ltr' id='par_1_7' title="bbox 304 1481 1460 1814">
     <span class='ocr_line' id='line_1_12' title="bbox 304 1481 1460 1588; baseline -0.002 -27"><span class='ocrx_word' id='word_1_68' title='bbox 304 1539 308 1548; x_wconf 76' lang='lat'><em>,</em></span> <span class='ocrx_word' id='word_1_69' title='bbox 366 1488 511 1562; x_wconf 30' lang='lat' dir='ltr'>*metim</span> <span class='ocrx_word' id='word_1_70' title='bbox 532 1484 674 1587; x_wconf 90' lang='lat' dir='ltr'>aliquid</span> <span class='ocrx_word' id='word_1_71' title='bbox 692 1500 921 1588; x_wconf 87' lang='lat' dir='ltr'>apponamus</span> <span class='ocrx_word' id='word_1_72' title='bbox 937 1510 971 1581; x_wconf 88' lang='lat'>;·</span> <span class='ocrx_word' id='word_1_73' title='bbox 1006 1486 1258 1583; x_wconf 87' lang='lat' dir='ltr'>antiquiorum</span> <span class='ocrx_word' id='word_1_74' title='bbox 1287 1481 1460 1571; x_wconf 88' lang='lat' dir='ltr'>colonia-</span> 
     </span>
     <span class='ocr_line' id='line_1_13' title="bbox 379 1596 1460 1699; baseline 0 -25"><span class='ocrx_word' id='word_1_75' title='bbox 379 1623 464 1675; x_wconf 86' lang='lat' dir='ltr'>rum</span> <span class='ocrx_word' id='word_1_76' title='bbox 505 1601 767 1679; x_wconf 86' lang='lat' dir='ltr'>mittendarum</span> <span class='ocrx_word' id='word_1_77' title='bbox 809 1598 1052 1679; x_wconf 81' lang='lat' dir='ltr'>necellrtatem</span> <span class='ocrx_word' id='word_1_78' title='bbox 1100 1597 1322 1699; x_wconf 83' lang='lat' dir='ltr'>plerumque</span> <span class='ocrx_word' id='word_1_79' title='bbox 1366 1596 1460 1674; x_wconf 87' lang='lat' dir='ltr'>fecit</span> 
     </span>
     <span class='ocr_line' id='line_1_14' title="bbox 379 1711 1458 1814; baseline 0 -25"><span class='ocrx_word' id='word_1_80' title='bbox 379 1723 503 1800; x_wconf 82' lang='lat' dir='ltr'>nouae</span> <span class='ocrx_word' id='word_1_81' title='bbox 537 1714 674 1793; x_wconf 88' lang='lat' dir='ltr'>sobolis</span> <span class='ocrx_word' id='word_1_82' title='bbox 699 1716 878 1793; x_wconf 80' lang='lat' dir='ltr'>&#39;subnatae</span> <span class='ocrx_word' id='word_1_83' title='bbox 915 1715 1148 1814; x_wconf 76' lang='lat' dir='ltr'>frequentia,</span> <span class='ocrx_word' id='word_1_84' title='bbox 1198 1716 1260 1791; x_wconf 87' lang='lat' dir='ltr'>cui</span> <span class='ocrx_word' id='word_1_85' title='bbox 1300 1711 1458 1789; x_wconf 84' lang='lat' dir='ltr'>alendae</span> 
     </span>
    </p>

    <p class='ocr_par' dir='ltr' id='par_1_8' title="bbox 329 1826 1458 1931">
     <span class='ocr_line' id='line_1_15' title="bbox 329 1826 1458 1931; baseline 0.001 -29"><span class='ocrx_word' id='word_1_86' title='bbox 329 1876 334 1885; x_wconf 81' lang='lat'><em>·</em></span> <span class='ocrx_word' id='word_1_87' title='bbox 380 1826 467 1926; x_wconf 86' lang='lat' dir='ltr'>ager</span> <span class='ocrx_word' id='word_1_88' title='bbox 494 1852 573 1905; x_wconf 90' lang='lat' dir='ltr'>non</span> <span class='ocrx_word' id='word_1_89' title='bbox 605 1829 839 1931; x_wconf 87' lang='lat' dir='ltr'>suppetebat,</span> <span class='ocrx_word' id='word_1_90' title='bbox 886 1830 946 1905; x_wconf 87' lang='lat' dir='ltr'>seu</span> <span class='ocrx_word' id='word_1_91' title='bbox 976 1831 1062 1927; x_wconf 87' lang='lat' dir='ltr'>quia</span> <span class='ocrx_word' id='word_1_92' title='bbox 1097 1850 1143 1905; x_wconf 91' lang='lat' dir='ltr'>eo</span> <span class='ocrx_word' id='word_1_93' title='bbox 1180 1830 1276 1905; x_wconf 85' lang='lat' dir='ltr'>inter</span> <span class='ocrx_word' id='word_1_94' title='bbox 1309 1828 1458 1917; x_wconf 74' lang='lat' dir='ltr'>cirrium</span> 
     </span>
    </p>

    <p class='ocr_par' dir='ltr' id='par_1_9' title="bbox 313 1934 1458 2389">
     <span class='ocr_line' id='line_1_16' title="bbox 313 1934 1458 2045; baseline -0.003 -27"><span class='ocrx_word' id='word_1_95' title='bbox 313 1935 316 1942; x_wconf 77' lang='grc'>’</span> <span class='ocrx_word' id='word_1_96' title='bbox 347 1934 500 2042; x_wconf 66' lang='lat' dir='ltr'>capita</span> <span class='ocrx_word' id='word_1_97' title='bbox 533 1943 650 2023; x_wconf 80' lang='lat' dir='ltr'>duiso</span> <span class='ocrx_word' id='word_1_98' title='bbox 683 1939 784 2021; x_wconf 76' lang='lat' dir='ltr'>&#39;nihil</span> <span class='ocrx_word' id='word_1_99' title='bbox 826 1944 931 2045; x_wconf 90' lang='lat' dir='ltr'>quod</span> <span class='ocrx_word' id='word_1_100' title='bbox 963 1944 1073 2019; x_wconf 88' lang='lat' dir='ltr'>nouis</span> <span class='ocrx_word' id='word_1_101' title='bbox 1106 1943 1251 2023; x_wconf 89' lang='lat' dir='ltr'>ciuibus</span> <span class='ocrx_word' id='word_1_102' title='bbox 1286 1938 1458 2039; x_wconf 83' lang='lat' dir='ltr'>allrgnari</span> 
     </span>
     <span class='ocr_line' id='line_1_17' title="bbox 376 2047 1458 2158; baseline 0 -25"><span class='ocrx_word' id='word_1_103' title='bbox 376 2052 496 2154; x_wconf 81' lang='lat' dir='ltr'>pollet</span> <span class='ocrx_word' id='word_1_104' title='bbox 522 2047 722 2157; x_wconf 86' lang='lat' dir='ltr'>supererat,</span> <span class='ocrx_word' id='word_1_105' title='bbox 766 2051 828 2136; x_wconf 85' lang='lat' dir='ltr'>seu</span> <span class='ocrx_word' id='word_1_106' title='bbox 854 2059 933 2158; x_wconf 87' lang='lat' dir='ltr'>agri</span> <span class='ocrx_word' id='word_1_107' title='bbox 957 2056 1160 2145; x_wconf 87' lang='lat' dir='ltr'>sterilitate,</span> <span class='ocrx_word' id='word_1_108' title='bbox 1206 2057 1293 2131; x_wconf 90' lang='lat' dir='ltr'>anni</span> <span class='ocrx_word' id='word_1_109' title='bbox 1318 2056 1458 2133; x_wconf 86' lang='lat' dir='ltr'>intem-</span> 
     </span>
     <span class='ocr_line' id='line_1_18' title="bbox 376 2166 1458 2270; baseline -0.001 -23"><span class='ocrx_word' id='word_1_110' title='bbox 376 2176 479 2270; x_wconf 86' lang='lat' dir='ltr'>perie</span> <span class='ocrx_word' id='word_1_111' title='bbox 500 2186 564 2249; x_wconf 90' lang='lat' dir='ltr'>aut</span> <span class='ocrx_word' id='word_1_112' title='bbox 589 2172 658 2249; x_wconf 89' lang='lat' dir='ltr'>alia</span> <span class='ocrx_word' id='word_1_113' title='bbox 674 2171 876 2262; x_wconf 75' lang='lat' dir='ltr'>calamitate</span> <span class='ocrx_word' id='word_1_114' title='bbox 903 2172 1062 2251; x_wconf 89' lang='lat' dir='ltr'>suborta.</span> <span class='ocrx_word' id='word_1_115' title='bbox 1138 2166 1304 2245; x_wconf 86' lang='lat' dir='ltr'>Aliarum</span> <span class='ocrx_word' id='word_1_116' title='bbox 1327 2186 1458 2246; x_wconf 85' lang='lat' dir='ltr'>autem</span> 
     </span>
     <span class='ocr_line' id='line_1_19' title="bbox 373 2282 1457 2389; baseline -0.006 -22"><span class='ocrx_word' id='word_1_117' title='bbox 373 2285 622 2376; x_wconf 66' lang='lat' dir='ltr'>§aloniacum</span> <span class='ocrx_word' id='word_1_118' title='bbox 649 2289 819 2387; x_wconf 90' lang='lat' dir='ltr'>inprimis</span> <span class='ocrx_word' id='word_1_119' title='bbox 829 2288 916 2389; x_wconf 88' lang='lat' dir='ltr'>post</span> <span class='ocrx_word' id='word_1_120' title='bbox 926 2282 1196 2387; x_wconf 82' lang='lat' dir='ltr'>Olympiadum</span> <span class='ocrx_word' id='word_1_121' title='bbox 1214 2284 1328 2367; x_wconf 78' lang='lat' dir='ltr'>initia</span> <span class='ocrx_word' id='word_1_122' title='bbox 1348 2306 1457 2360; x_wconf 88' lang='lat' dir='ltr'>taus-</span> 
     </span>
    </p>

    <p class='ocr_par' dir='ltr' id='par_1_10' title="bbox 289 2390 1458 2957">
     <span class='ocr_line' id='line_1_20' title="bbox 289 2390 1458 2498; baseline 0 -23"><span class='ocrx_word' id='word_1_123' title='bbox 289 2475 291 2482; x_wconf 65' lang='lat'><em>,</em></span> <span class='ocrx_word' id='word_1_124' title='bbox 374 2398 427 2475; x_wconf 83' lang='lat' dir='ltr'>sas</span> <span class='ocrx_word' id='word_1_125' title='bbox 445 2423 467 2473; x_wconf 90' lang='lat' dir='ltr'>a</span> <span class='ocrx_word' id='word_1_126' title='bbox 482 2390 628 2476; x_wconf 84' lang='lat' dir='ltr'>dillrdiis</span> <span class='ocrx_word' id='word_1_127' title='bbox 654 2415 691 2478; x_wconf 90' lang='lat' dir='ltr'>et</span> <span class='ocrx_word' id='word_1_128' title='bbox 705 2402 945 2478; x_wconf 85' lang='lat' dir='ltr'>seditionibus</span> <span class='ocrx_word' id='word_1_129' title='bbox 962 2402 1153 2477; x_wconf 88' lang='lat' dir='ltr'>ciuitatum</span> <span class='ocrx_word' id='word_1_130' title='bbox 1170 2422 1237 2498; x_wconf 88' lang='lat' dir='ltr'>per</span> <span class='ocrx_word' id='word_1_131' title='bbox 1257 2394 1458 2475; x_wconf 74' lang='lat' dir='ltr'>Graeciam</span> 
     </span>
     <span class='ocr_line' id='line_1_21' title="bbox 373 2512 1456 2620; baseline -0.001 -31"><span class='ocrx_word' id='word_1_132' title='bbox 373 2514 613 2610; x_wconf 87' lang='lat' dir='ltr'>repetendam</span> <span class='ocrx_word' id='word_1_133' title='bbox 638 2512 707 2620; x_wconf 75' lang='lat' dir='ltr'>elle</span> <span class='ocrx_word' id='word_1_134' title='bbox 730 2516 962 2594; x_wconf 84' lang='lat' dir='ltr'>manifestum</span> <span class='ocrx_word' id='word_1_135' title='bbox 976 2512 1034 2603; x_wconf 89' lang='lat' dir='ltr'>fit;</span> <span class='ocrx_word' id='word_1_136' title='bbox 1084 2514 1225 2591; x_wconf 90' lang='lat' dir='ltr'>iuribus</span> <span class='ocrx_word' id='word_1_137' title='bbox 1251 2514 1391 2587; x_wconf 88' lang='lat' dir='ltr'>ciuium</span> <span class='ocrx_word' id='word_1_138' title='bbox 1413 2515 1456 2588; x_wconf 90' lang='lat' dir='ltr'>in</span> 
     </span>
     <span class='ocr_line' id='line_1_22' title="bbox 375 2622 1456 2734; baseline 0.004 -33"><span class='ocrx_word' id='word_1_139' title='bbox 375 2627 687 2708; x_wconf 77' lang='lat' dir='ltr'>administratione</span> <span class='ocrx_word' id='word_1_140' title='bbox 710 2628 992 2734; x_wconf 83' lang='lat' dir='ltr'>reippppulari</span> <span class='ocrx_word' id='word_1_141' title='bbox 1011 2649 1088 2701; x_wconf 90' lang='lat' dir='ltr'>non</span> <span class='ocrx_word' id='word_1_142' title='bbox 1107 2624 1187 2702; x_wconf 86' lang='lat' dir='ltr'>latis</span> <span class='ocrx_word' id='word_1_143' title='bbox 1209 2622 1270 2702; x_wconf 88' lang='lat' dir='ltr'>leu</span> <span class='ocrx_word' id='word_1_144' title='bbox 1297 2644 1364 2726; x_wconf 88' lang='lat' dir='ltr'>per</span> <span class='ocrx_word' id='word_1_145' title='bbox 1391 2650 1456 2705; x_wconf 76' lang='lat' dir='ltr'>or-</span> 
     </span>
     <span class='ocr_line' id='line_1_23' title="bbox 372 2736 1457 2844; baseline 0.003 -29"><span class='ocrx_word' id='word_1_146' title='bbox 372 2741 479 2817; x_wconf 86' lang='lat' dir='ltr'>dines</span> <span class='ocrx_word' id='word_1_147' title='bbox 504 2741 566 2819; x_wconf 87' lang='lat' dir='ltr'>seu</span> <span class='ocrx_word' id='word_1_148' title='bbox 586 2768 652 2844; x_wconf 87' lang='lat' dir='ltr'>per</span> <span class='ocrx_word' id='word_1_149' title='bbox 666 2744 791 2844; x_wconf 84' lang='lat' dir='ltr'>stirpes</span> <span class='ocrx_word' id='word_1_150' title='bbox 812 2741 935 2819; x_wconf 88' lang='lat' dir='ltr'>autad</span> <span class='ocrx_word' id='word_1_151' title='bbox 957 2740 1107 2817; x_wconf 83' lang='lat' dir='ltr'>ceolum</span> <span class='ocrx_word' id='word_1_152' title='bbox 1124 2738 1319 2840; x_wconf 86' lang='lat' dir='ltr'>descriptis.</span> <span class='ocrx_word' id='word_1_153' title='bbox 1347 2746 1350 2753; x_wconf 81' lang='grc'><em>’</em></span> <span class='ocrx_word' id='word_1_154' title='bbox 1381 2736 1457 2818; x_wconf 88' lang='lat' dir='ltr'>Fa-</span> 
     </span>
     <span class='ocr_line' id='line_1_24' title="bbox 372 2854 1457 2957; baseline -0.002 -24"><span class='ocrx_word' id='word_1_155' title='bbox 372 2854 447 2933; x_wconf 77' lang='lat' dir='ltr'>dio</span> <span class='ocrx_word' id='word_1_156' title='bbox 471 2858 597 2956; x_wconf 85' lang='lat' dir='ltr'>itaque</span> <span class='ocrx_word' id='word_1_157' title='bbox 624 2856 715 2932; x_wconf 78' lang='lat' dir='ltr'>vida</span> <span class='ocrx_word' id='word_1_158' title='bbox 734 2858 956 2957; x_wconf 83' lang='lat' dir='ltr'>plerumque</span> <span class='ocrx_word' id='word_1_159' title='bbox 981 2854 1027 2930; x_wconf 90' lang='lat' dir='ltr'>ad</span> <span class='ocrx_word' id='word_1_160' title='bbox 1053 2854 1138 2931; x_wconf 89' lang='lat' dir='ltr'>alias</span> <span class='ocrx_word' id='word_1_161' title='bbox 1152 2854 1253 2930; x_wconf 82' lang='lat' dir='ltr'>ledes</span> <span class='ocrx_word' id='word_1_162' title='bbox 1269 2876 1457 2953; x_wconf 88' lang='lat' dir='ltr'>quaeren-</span> 
     </span>
    </p>

    <p class='ocr_par' dir='ltr' id='par_1_11' title="bbox 274 2968 1455 3186">
     <span class='ocr_line' id='line_1_25' title="bbox 274 2968 1455 3070; baseline 0 -25"><span class='ocrx_word' id='word_1_163' title='bbox 274 2972 282 2988; x_wconf 83' lang='lat'><strong><em>‘</em></strong></span> <span class='ocrx_word' id='word_1_164' title='bbox 373 2968 437 3045; x_wconf 89' lang='lat' dir='ltr'>das</span> <span class='ocrx_word' id='word_1_165' title='bbox 461 2970 768 3070; x_wconf 82' lang='lat' dir='ltr'>proficiscebatur.</span> <span class='ocrx_word' id='word_1_166' title='bbox 836 2968 953 3047; x_wconf 83' lang='lat' dir='ltr'>Fuere</span> <span class='ocrx_word' id='word_1_167' title='bbox 978 2982 1100 3045; x_wconf 87' lang='lat' dir='ltr'>tamen</span> <span class='ocrx_word' id='word_1_168' title='bbox 1123 2971 1231 3045; x_wconf 85' lang='lat' dir='ltr'>etiam</span> <span class='ocrx_word' id='word_1_169' title='bbox 1257 2969 1455 3045; x_wconf 89' lang='lat' dir='ltr'>nouanda-</span> 
     </span>
     <span class='ocr_line' id='line_1_26' title="bbox 371 3080 1455 3186; baseline 0.002 -27"><span class='ocrx_word' id='word_1_170' title='bbox 371 3090 456 3159; x_wconf 83' lang='lat' dir='ltr'>r&#39;um</span> <span class='ocrx_word' id='word_1_171' title='bbox 475 3109 598 3163; x_wconf 89' lang='lat' dir='ltr'>rerum</span> <span class='ocrx_word' id='word_1_172' title='bbox 614 3085 798 3172; x_wconf 65' lang='lat' dir='ltr'>aditores,</span> <span class='ocrx_word' id='word_1_173' title='bbox 828 3088 896 3183; x_wconf 84' lang='lat' dir='ltr'>qui</span> <span class='ocrx_word' id='word_1_174' title='bbox 918 3082 1109 3181; x_wconf 81' lang='lat' dir='ltr'>desperato</span> <span class='ocrx_word' id='word_1_175' title='bbox 1130 3095 1350 3186; x_wconf 75' lang='lat' dir='ltr'>coeptorum</span> <span class='ocrx_word' id='word_1_176' title='bbox 1367 3080 1455 3161; x_wconf 85' lang='lat' dir='ltr'>sue-</span> 
     </span>
    </p>

    <p class='ocr_par' dir='ltr' id='par_1_12' title="bbox 256 3193 1454 4096">
     <span class='ocr_line' id='line_1_27' title="bbox 256 3193 1452 3303; baseline -0.002 -26"><span class='ocrx_word' id='word_1_177' title='bbox 256 3239 259 3246; x_wconf 77' lang='lat'><em>,</em></span> <span class='ocrx_word' id='word_1_178' title='bbox 309 3210 342 3259; x_wconf 65' lang='grc' dir='ltr'>Ἀ</span> <span class='ocrx_word' id='word_1_179' title='bbox 371 3195 469 3276; x_wconf 70' lang='lat' dir='ltr'>celtu</span> <span class='ocrx_word' id='word_1_180' title='bbox 485 3202 601 3297; x_wconf 89' lang='lat' dir='ltr'>patria</span> <span class='ocrx_word' id='word_1_181' title='bbox 620 3199 867 3293; x_wconf 76' lang='lat' dir='ltr'>dil&#39;cederent3</span> <span class='ocrx_word' id='word_1_182' title='bbox 896 3266 897 3271; x_wconf 71' lang='grc'>,</span> <span class='ocrx_word' id='word_1_183' title='bbox 923 3198 995 3285; x_wconf 86' lang='lat' dir='ltr'>alii,</span> <span class='ocrx_word' id='word_1_184' title='bbox 1031 3200 1097 3296; x_wconf 92' lang='lat' dir='ltr'>qui</span> <span class='ocrx_word' id='word_1_185' title='bbox 1122 3193 1452 3303; x_wconf 67' lang='lat' dir='ltr'>fprlunaecafibus</span> 
     </span>
     <span class='ocr_line' id='line_1_28' title="bbox 371 3313 1454 3411; baseline 0.002 -24"><span class='ocrx_word' id='word_1_186' title='bbox 371 3326 484 3411; x_wconf 86' lang='lat' dir='ltr'>caput</span> <span class='ocrx_word' id='word_1_187' title='bbox 511 3315 673 3389; x_wconf 91' lang='lat' dir='ltr'>obiicere</span> <span class='ocrx_word' id='word_1_188' title='bbox 698 3317 735 3389; x_wconf 90' lang='lat' dir='ltr'>&#39;et</span> <span class='ocrx_word' id='word_1_189' title='bbox 753 3336 937 3389; x_wconf 90' lang='lat' dir='ltr'>nouarum</span> <span class='ocrx_word' id='word_1_190' title='bbox 960 3325 1137 3387; x_wconf 88' lang='lat' dir='ltr'>terrarum</span> <span class='ocrx_word' id='word_1_191' title='bbox 1165 3313 1454 3410; x_wconf 86' lang='lat' dir='ltr'>opportunitate</span> 
     </span>
     <span class='ocr_line' id='line_1_29' title="bbox 331 3423 1448 3526; baseline 0 -25"><span class='ocrx_word' id='word_1_192' title='bbox 331 3424 629 3526; x_wconf 62' lang='lat' dir='ltr'>„circumspeda</span> <span class='ocrx_word' id='word_1_193' title='bbox 666 3427 861 3503; x_wconf 88' lang='lat' dir='ltr'>meliorem</span> <span class='ocrx_word' id='word_1_194' title='bbox 895 3424 1030 3501; x_wconf 87' lang='lat' dir='ltr'>sortem</span> <span class='ocrx_word' id='word_1_195' title='bbox 1056 3424 1244 3525; x_wconf 78' lang='lat' dir='ltr'>expedare</span> <span class='ocrx_word' id='word_1_196' title='bbox 1275 3423 1448 3501; x_wconf 89' lang='lat' dir='ltr'>mallent.</span> 
     </span>
     <span class='ocr_line' id='line_1_30' title="bbox 368 3535 1447 3638; baseline 0.002 -24"><span class='ocrx_word' id='word_1_197' title='bbox 368 3535 425 3614; x_wconf 78' lang='lat' dir='ltr'>Vt</span> <span class='ocrx_word' id='word_1_198' title='bbox 447 3546 535 3615; x_wconf 83' lang='lat' dir='ltr'>vero</span> <span class='ocrx_word' id='word_1_199' title='bbox 557 3543 599 3614; x_wconf 85' lang='lat' dir='ltr'>in</span> <span class='ocrx_word' id='word_1_200' title='bbox 617 3538 761 3618; x_wconf 87' lang='lat' dir='ltr'>Italiam</span> <span class='ocrx_word' id='word_1_201' title='bbox 784 3554 821 3616; x_wconf 90' lang='lat' dir='ltr'>et</span> <span class='ocrx_word' id='word_1_202' title='bbox 850 3540 1011 3618; x_wconf 87' lang='lat' dir='ltr'>Siciliam</span> <span class='ocrx_word' id='word_1_203' title='bbox 1033 3543 1270 3638; x_wconf 77' lang='lat' dir='ltr'>nauigarent,</span> <span class='ocrx_word' id='word_1_204' title='bbox 1326 3537 1447 3629; x_wconf 81' lang='lat' dir='ltr'>Asiae,</span> 
     </span>
     <span class='ocr_line' id='line_1_31' title="bbox 369 3645 1450 3751; baseline -0.002 -20"><span class='ocrx_word' id='word_1_205' title='bbox 369 3655 481 3731; x_wconf 87' lang='lat' dir='ltr'>etiam</span> <span class='ocrx_word' id='word_1_206' title='bbox 499 3648 626 3743; x_wconf 81' lang='lat' dir='ltr'>Ponti,</span> <span class='ocrx_word' id='word_1_207' title='bbox 654 3654 844 3732; x_wconf 88' lang='lat' dir='ltr'>littoribus</span> <span class='ocrx_word' id='word_1_208' title='bbox 862 3658 934 3730; x_wconf 90' lang='lat' dir='ltr'>iam</span> <span class='ocrx_word' id='word_1_209' title='bbox 947 3678 973 3730; x_wconf 85' lang='lat' dir='ltr'>a</span> <span class='ocrx_word' id='word_1_210' title='bbox 989 3652 1138 3731; x_wconf 89' lang='lat' dir='ltr'>Graecis</span> <span class='ocrx_word' id='word_1_211' title='bbox 1157 3652 1363 3751; x_wconf 87' lang='lat' dir='ltr'>occupatis,</span> <span class='ocrx_word' id='word_1_212' title='bbox 1381 3645 1450 3729; x_wconf 67' lang='lat' dir='ltr'>&#39;al-</span> 
     </span>
     <span class='ocr_line' id='line_1_32' title="bbox 368 3763 1450 3868; baseline 0 -25"><span class='ocrx_word' id='word_1_213' title='bbox 368 3766 482 3843; x_wconf 85' lang='lat' dir='ltr'>licere</span> <span class='ocrx_word' id='word_1_214' title='bbox 510 3768 721 3867; x_wconf 88' lang='lat' dir='ltr'>eos&#39;debuit</span> <span class='ocrx_word' id='word_1_215' title='bbox 745 3763 932 3868; x_wconf 86' lang='lat' dir='ltr'>prioribus</span> <span class='ocrx_word' id='word_1_216' title='bbox 955 3768 1132 3845; x_wconf 87' lang='lat' dir='ltr'>aetatibus</span> <span class='ocrx_word' id='word_1_217' title='bbox 1160 3767 1331 3843; x_wconf 91' lang='lat' dir='ltr'>locorum</span> <span class='ocrx_word' id='word_1_218' title='bbox 1354 3765 1450 3843; x_wconf 85' lang='lat' dir='ltr'>soli-</span> 
     </span>
     <span class='ocr_line' id='line_1_33' title="bbox 366 3872 1445 3981; baseline 0.003 -25"><span class='ocrx_word' id='word_1_219' title='bbox 366 3880 480 3969; x_wconf 85' lang='lat' dir='ltr'>tudu&#39;,</span> <span class='ocrx_word' id='word_1_220' title='bbox 514 3905 607 3959; x_wconf 86' lang='lat' dir='ltr'>mox</span> <span class='ocrx_word' id='word_1_221' title='bbox 620 3886 771 3981; x_wconf 84' lang='lat' dir='ltr'>cognita</span> <span class='ocrx_word' id='word_1_222' title='bbox 784 3880 834 3959; x_wconf 71' lang='lat' dir='ltr'>&#39;a&#39;c</span> <span class='ocrx_word' id='word_1_223' title='bbox 849 3872 955 3967; x_wconf 55' lang='lat' dir='ltr'>fama,</span> <span class='ocrx_word' id='word_1_224' title='bbox 968 3880 1150 3958; x_wconf 81' lang='lat' dir='ltr'>celebrata</span> <span class='ocrx_word' id='word_1_225' title='bbox 1173 3880 1270 3957; x_wconf 90' lang='lat' dir='ltr'>coeli</span> <span class='ocrx_word' id='word_1_226' title='bbox 1291 3878 1445 3979; x_wconf 88' lang='lat' dir='ltr'>solique</span> 
     </span>
     <span class='ocr_line' id='line_1_34' title="bbox 366 3993 1452 4096; baseline -0.002 -22"><span class='ocrx_word' id='word_1_227' title='bbox 366 3993 534 4084; x_wconf 83' lang='lat' dir='ltr'>felicitas,</span> <span class='ocrx_word' id='word_1_228' title='bbox 563 4020 738 4094; x_wconf 87' lang='lat' dir='ltr'>agrorum</span> <span class='ocrx_word' id='word_1_229' title='bbox 755 3999 900 4077; x_wconf 79' lang='lat' dir='ltr'>ubertas</span> <span class='ocrx_word' id='word_1_230' title='bbox 916 4009 953 4072; x_wconf 90' lang='lat' dir='ltr'>et</span> <span class='ocrx_word' id='word_1_231' title='bbox 970 3993 1271 4096; x_wconf 85' lang='lat' dir='ltr'>populariumex</span> <span class='ocrx_word' id='word_1_232' title='bbox 1288 4018 1330 4071; x_wconf 88' lang='lat' dir='ltr'>ea</span> <span class='ocrx_word' id='word_1_233' title='bbox 1345 4016 1452 4094; x_wconf 89' lang='lat' dir='ltr'>opu-</span> 
     </span>
    </p>

    <p class='ocr_par' dir='ltr' id='par_1_13' title="bbox 308 4107 1452 4327">
     <span class='ocr_line' id='line_1_35' title="bbox 308 4107 1452 4212; baseline 0.003 -27"><span class='ocrx_word' id='word_1_234' title='bbox 308 4112 312 4121; x_wconf 88' lang='lat'><em>&#39;</em></span> <span class='ocrx_word' id='word_1_235' title='bbox 363 4107 500 4204; x_wconf 80' lang='lat' dir='ltr'>lentia3</span> <span class='ocrx_word' id='word_1_236' title='bbox 531 4108 593 4186; x_wconf 80' lang='lat' dir='ltr'>etsi</span> <span class='ocrx_word' id='word_1_237' title='bbox 611 4113 686 4212; x_wconf 84' lang='lat' dir='ltr'>ipsa</span> <span class='ocrx_word' id='word_1_238' title='bbox 703 4108 881 4192; x_wconf 87' lang='lat' dir='ltr'>luccellus</span> <span class='ocrx_word' id='word_1_239' title='bbox 900 4110 1024 4189; x_wconf 87' lang='lat' dir='ltr'>fimilis</span> <span class='ocrx_word' id='word_1_240' title='bbox 1044 4108 1122 4207; x_wconf 86' lang='lat' dir='ltr'>spes</span> <span class='ocrx_word' id='word_1_241' title='bbox 1136 4112 1209 4186; x_wconf 83' lang='lat' dir='ltr'>viru</span> <span class='ocrx_word' id='word_1_242' title='bbox 1228 4108 1273 4185; x_wconf 90' lang='lat' dir='ltr'>ad</span> <span class='ocrx_word' id='word_1_243' title='bbox 1282 4109 1452 4189; x_wconf 88' lang='lat' dir='ltr'>aliorum</span> 
     </span>
     <span class='ocr_line' id='line_1_36' title="bbox 367 4222 1451 4327; baseline 0.005 -30"><span class='ocrx_word' id='word_1_244' title='bbox 367 4224 514 4302; x_wconf 82' lang='lat' dir='ltr'>animos</span> <span class='ocrx_word' id='word_1_245' title='bbox 543 4224 679 4305; x_wconf 85' lang='lat' dir='ltr'>habere</span> <span class='ocrx_word' id='word_1_246' title='bbox 695 4227 855 4307; x_wconf 83' lang='lat' dir='ltr'>debuit:</span> <span class='ocrx_word' id='word_1_247' title='bbox 913 4246 991 4327; x_wconf 88' lang='lat' dir='ltr'>quo</span> <span class='ocrx_word' id='word_1_248' title='bbox 1009 4222 1144 4301; x_wconf 76' lang='lat' dir='ltr'>factum</span> <span class='ocrx_word' id='word_1_249' title='bbox 1168 4224 1357 4311; x_wconf 79' lang='lat' dir='ltr'>videmus,</span> <span class='ocrx_word' id='word_1_250' title='bbox 1391 4240 1451 4315; x_wconf 83' lang='lat' dir='ltr'>vt,</span> 
     </span>
    </p>

    <p class='ocr_par' dir='ltr' id='par_1_14' title="bbox 329 4335 1452 4439">
     <span class='ocr_line' id='line_1_37' title="bbox 329 4335 1452 4439; baseline 0 -22"><span class='ocrx_word' id='word_1_251' title='bbox 329 4335 347 4381; x_wconf 69' lang='lat'>‘³</span> <span class='ocrx_word' id='word_1_252' title='bbox 367 4356 398 4370; x_wconf 77' lang='grc'>”</span> <span class='ocrx_word' id='word_1_253' title='bbox 918 4350 922 4359; x_wconf 85' lang='grc'>’</span> <span class='ocrx_word' id='word_1_254' title='bbox 1248 4338 1452 4439; x_wconf 83' lang='lat' dir='ltr'>postquam</span> 
     </span>
    </p>
   </div>
   <div class='ocr_carea' id='block_1_4' title="bbox 0 0 1650 5134">
    <p class='ocr_par' dir='ltr' id='par_1_15' title="bbox 0 0 1650 5134">
     <span class='ocr_line' id='line_1_38' title="bbox 0 0 1650 5134; baseline 0 3"><span class='ocrx_word' id='word_1_255' title='bbox 0 0 1650 5134; x_wconf 95' lang='lat' dir='ltr'> </span> 
     </span>
    </p>
   </div>
  </div>
 </body>
</html>
