3292 5134
780 482 1063 549 “⁸''
1419 523 1462 765 l

697 560 703 567 ,
781 542 1061 564 murum-¹¹¹⁸·-

384 471 468 637 ¹362

391 687 586 776 admisisse,
617 700 727 787 atque
745 682 918 761 hedenus
937 678 1153 767 Charondae
1172 677 1326 777 legibus
1348 677 1390 755 -se

392 784 570 911 professos
587 798 656 878 esse
675 800 942 889 existimemus3
973 808 1066 894 quae
1082 819 1138 871 res
1165 794 1300 869 deinde
1320 793 1375 869 ab
1397 776 1463 871 alid

392 944 522 1024 parum
542 914 721 993 subtiliter
738 914 786 988 ita
805 912 875 986 fuit
895 910 1036 999 tradita,
1067 922 1106 983 vt
1125 905 1277 987 Thuriis
1294 902 1454 982 Charon

285 1113 289 1119 ,
328 1034 339 1061 ·’
395 1037 458 1129 das
488 1033 589 1130 leges
607 1010 782 1126 seimane
802 1026 967 1119 serretur.
1028 1022 1217 1106 Constabit
1241 1042 1283 1097 ea
1311 1018 1413 1097 fides
1431 1029 1464 1097 tl

332 1134 347 1169 ⁸
395 1171 519 1227 rerum
542 1144 672 1233 veritus
700 1142 810 1215 etiam
842 1153 942 1227 tum,
985 1136 1011 1213 ll
1042 1134 1174 1213 Thurii
1200 1158 1260 1211 eas
1289 1130 1458 1235 legesis

392 1262 476 1341 suae
504 1257 661 1343 ciuitatis
690 1254 820 1329 statum
852 1266 889 1329 et
919 1251 1079 1327 instituta
1104 1262 1407 1347 attemperatum
1435 1260 1462 1325 et

377 1376 523 1478 'partim
557 1358 808 1446 immutarunt
891 1362 1084 1449 Diodorus
1119 1362 1270 1463 quidem
1316 1362 1459 1463 scripto

391 1482 489 1575 rem,
516 1486 582 1586 qui
599 1483 646 1559 de
660 1452 888 1559 Thuriorum
909 1482 1018 1555 rebus
1042 1475 1244 1577 scripserat,
1280 1477 1328 1577 in
1358 1478 1460 1553 mani·

393 1604 465 1681 bus
482 1599 661 1685 habebat,
688 1618 774 1671 cum
796 1593 898 1692 leges
924 1593 1005 1669 illas
1028 1592 1269 1685 describeret3
1298 1590 1347 1669 id
1373 1590 1458 1691 quod

394 1716 476 1794 satis
494 1714 632 1791 do'cent
649 1734 716 1797 ea,
757 1696 930 1806 aquibus
947 1708 1193 1787 narrationem
1214 1703 1376 1783 exorsus
1399 1724 1467 1807 erat

307 1890 315 1904 ,
392 1851 431 1923 e,
449 1852 483 1921 9.
512 1852 570 1901 ιο.
601 1849 658 1898 rr.
717 1819 796 1896 Vix
813 1808 1225 1919 autemf'assequirlicet,
1267 1820 1457 1919 quomodo

392 1936 639 2039 aliquisnulli
658 1939 815 2012 omnino
837 1932 1206 2035 sundoluperstrudla
1230 1932 1297 2011 illa
1329 1935 1456 2012 tradere

330 2168 333 2172 φ
393 2053 499 2142 ausus
523 2037 594 2131 esse
620 2062 740 2151 queat„

252 2312 256 2319 .
507 2209 582 2354 Sed
608 2262 761 2335 renotat
786 2274 855 2327 nos
885 2246 1092 2339 Bentleius,
1147 2250 1203 2325 uir
1230 2244 1469 2337 acutiffimus,

240 2393 242 2398 ·
381 2370 462 2469 .qui
482 2367 576 2443 locis
601 2389 649 2442 ex
666 2364 876 2455 Athenaeo,
915 2365 1078 2466 Scymno
1105 2360 1202 2440 Chio
1221 2376 1258 2439 et
1283 2362 1457 2443 Strabone

395 2480 533 2567 allatis,
565 2476 735 2575 negati)
772 2480 930 2555 omnino
962 2476 1103 2555 Thurios
1129 2474 1357 2555 Charondae
1382 2479 1460 2579 legi·

255 2599 258 2606 '
395 2596 466 2671 bus
485 2591 564 2667 vsos
583 2588 671 2679 esse,
699 2590 760 2666 sed
779 2614 842 2668 eos
859 2590 1014 2669 Zaleuci
1031 2591 1131 2691 leges
1152 2616 1171 2668 a
1188 2590 1355 2691 pristinis
1372 2584 1470 2669 vrbis'

392 2706 619 2792 cultoribus,
676 2702 873 2814 Sybaritis,
907 2704 979 2780 ⁴ait
1011 2702 1195 2783 retinuisse
1234 2718 1271 2781 et
1297 2704 1455 2785 seruasse.

235 2903 240 2916 ,
393 2816 597 2899 Enimuero
618 2816 793 2895 studioet
819 2818 1018 2917 cupiditate
1042 2822 1082 2919 in
1097 2816 1276 2919 Boylium
1296 2820 1458 2915 vlterius,

394 2932 596 3034 qu‘anripse
614 2933 745 3021 vellet,
791 2933 937 3037 euectus
968 2947 1217 3035 euagatusque
1245 2932 1400 3013 videtur
1417 2938 1460 3009 vir

391 3048 589 3157 summum
649 3044 955 3125 Namnthenaei
984 3040 1075 3147 (lib.
1096 3044 1165 3124 XI.
1209 3036 1368 3147 p.5'08.
1398 3044 1459 3143 A.)

392 3160 497 3236 nulla
513 3162 563 3237 est
577 3158 788 3250 autloritas',
819 3185 906 3237 cum
929 3159 1027 3259 apud
1047 3185 1133 3263 eum
1157 3162 1254 3238 inter
1277 3160 1459 3263 disputan-

393 3272 483 3349 dunr
505 3250 643 3371 aliquid
665 3286 801 3349 temere
835 3274 929 3351 illud
956 3260 1090 3374 ponat,
1129 3272 1292 3367 Platonis
1316 3274 1456 3379 legibus

390 3385 536 3464 nullam
555 3388 741 3462 ciuitatem
765 3384 833 3462 else
851 3387 967 3477 usam,
995 3402 1033 3462 ur
1050 3389 1201 3493 Lycurgi
1217 3388 1347 3486 legibus
1361 3392 1458 3493 Spur-

330 3531 339 3583 ·,
390 3505 492 3590 tuni,
522 3500 677 3598 xSolonis
707 3496 947 3604 Athenienses,
974 3502 1115 3580 Zaleuci
1153 3504 1269 3580 Tlmrit'
1293 3508 1347 3607 ust
1374 3509 1458 3609 sunt,

369 3634 473 3690 ,non
497 3614 618 3691 studio
643 3626 680 3691 et
695 3612 888 3712 diligentia
907 3616 1143 3717 exploratum
1162 3616 1302 3717 aliquid
1322 3620 1459 3699 afferat

389 3726 574 3833 Scynmus
591 3740 716 3805 autem
745 3731 799 3817 (v.
822 3752 897 3827 345
917 3730 990 3831 sq.)
1021 3732 1066 3808 de
1084 3731 1260 3829 Sybaritis
1287 3735 1369 3832 agit
1386 3759 1463 3812 non

284 3936 288 3941 .
387 3841 435 3919 de
458 3839 633 3930 Thuriis,
665 3856 706 3917 vt
728 3844 805 3919 eius
825 3840 918 3934 side,
948 3842 1024 3921 hoc
1041 3846 1258 3945 'quidemin
1275 3845 1391 3940 Ιοεο,
1424 3849 1464 3927 ad

232 4003 236 4011 -
388 3955 627 4033 euertendam
653 3958 874 4056 opinionem
896 3952 1171 4053 tammonem,
1222 3978 1462 4065 nequaquam

384 4072 439 4147 vti
462 4066 582 4170 pollis.
647 4066 694 4146 In
723 4060 923 4204 Strabonis'
944 4070 1093 4153 tandem
1120 4073 1371 4191 loeum(lila.
1397 4076 1459 4155 VI.

272 4322 276 4327 .
862 4204 866 4217 ’
1150 4226 1154 4231 ·
1304 4214 1459 4293 naun

294 4452 298 4460 Ι
422 4347 461 4430 i)
482 4347 561 4437 Diff.
585 4374 624 4417 οη
646 4349 984 4441 petrammalam.
1101 4432 1104 4439 ,
