3292 5134
371 610 375 617 .
604 490 889 625 ω
1202 541 1275 626 511

213 681 329 762 Musis
348 699 508 772 narrata,
522 685 646 773 *oraru
667 690 756 764 virae
770 698 802 761 rt
826 691 932 762 morie·
944 693 1077 796 ugssq‘gia
1099 663 1301 788 produnts

168 810 173 818 '
212 795 494 876 Munus-earum
515 802 753 902 praecipuum
775 799 842 892 est,
883 800 1042 901 hymnos
1065 807 1106 880 in
1127 804 1280 884 'laudem
1407 806 1421 864 f

212 908 319 1012 Jouis
343 916 453 1012 patris
481 937 627 1007 canere:
666 926 742 988 erat
769 915 867 993 enim
893 915 967 993 hoc
991 918 1087 998 inter
1107 918 1281 1027 antiquis

211 1025 309 1102 suna.
328 1029 531 1124 carminum
561 1039 783 1126 argumenta
832 1087 836 1093 .
873 1024 1031 1108 Cantant
1059 1030 1207 1126 eaedem
1241 1047 1278 1108 et

212 1140 363 1228 choreas
381 1155 573 1236 exercent3
589 1144 649 1230 (vt
664 1138 894 1218 in·Helicone
911 1139 1109 1242 Theogon.
1120 1171 1156 1242 4.
1172 1131 1278 1244 7sq.)
1394 1189 1396 1197 J

178 1281 185 1287 ·
212 1268 333 1342 vetere
351 1266 455 1330 urore
483 1268 524 1330 et·
540 1253 622 1336 hoe
682 1252 847 1334 Saltandi
870 1260 997 1347 enirn„
1021 1259 1093 1334 hoc
1118 1262 1167 1334 est
1190 1259 1280 1336 cho-

210 1393 274 1445 ros
289 1369 459 1456 ducendi,
486 1384 526 1444 vt
539 1369 695 1458 canendi
713 1359 904 1475 lyramque
922 1371 980 1446 vel
1001 1367 1173 1449 citharam
1193 1373 1277 1471 pul-

211 1482 323 1571 sandi,
353 1483 511 1559 studium
529 1496 566 1558 et
579 1483 751 1561 festiuitas
766 1484 1106 1588 plerumqueiungi
1125 1487 1273 1564 solebat.

213 1591 270 1674 Ex
285 1595 397 1694 prisca
415 1600 486 1682 vita
502 1593 653 1684 durium
669 1598 756 1676 item
779 1589 883 1685 hoo„
902 1599 1006 1696 quod
1019 1598 1158 1700 Apollo
1171 1623 1275 1676 non-
1409 1649 1413 1654 -

210 1697 403 1809 nunquam
428 1706 529 1808 (non
557 1712 657 1789 enim
683 1710 758 1788 hoc
780 1711 1025 1810 perpetuum)
1060 1727 1278 1812 praecentor

209 1823 321 1902 chors
338 1824 550 1909 adhibetur,
587 1838 625 1899 rt
641 1821 865 1917 limam.
900 1839 936 1900 et
958 1827 997 1900 in
1020 1823 1168 1928 Cypseli
1194 1851 1276 1904 area
1345 1819 1350 1830 ’
1405 1888 1407 1894 .

210 1938 308 2035 apud
333 1935 479 2036 Pausan.
508 1935 555 2026 V,
586 1952 643 2022 18.
666 1997 680 2006 ..
712 1935 946 2018 Tribuuntur
970 1941 1121 2018 ⁴tandem
1157 1933 1272 2021 Musis
1486 1929 1489 1943 '

206 2053 298 2137 alia,
337 2075 429 2151 quae
455 2067 620 2128 aratum
645 2054 740 2148 inter
765 2076 869 2150 reges
900 2055 1072 2152 antiquae
1095 2041 1275 2130 Graeciae

206 2167 354 2259 fortuna
366 2180 410 2252 ‚et
423 2165 566 2245 honore
580 2164 686 2240 ducia
703 2164 795 2261 sunt.
855 2161 920 2240 Vri
942 2170 1042 2242 enim
1057 2168 1164 2242 aoedi
1180 2169 1274 2243 arci-

202 2283 345 2374 nebant
358 2299 490 2378 regum
512 2279 652 2377 epulis,
689 2277 737 2353 fic
760 2275 889 2354 Musae
910 2267 1016 2378 Jouis
1040 2279 1273 2378 ‚deorumque
1320 2325 1327 2348 s

203 2392 327 2494 epulis
347 2392 593 2494 adhibentur„
619 2405 659 2468 vt
676 2390 808 2468 canaht
825 2391 937 2490 prisca
956 2391 1110 2471 deorum
1127 2383 1217 2470 sassa
1236 2405 1274 2470 et
1382 2437 1389 2446 ·

202 2512 369 2607 origines
400 2509 452 2598 (v.
472 2505 625 2584 Homer.
648 2506 673 2582 l.
690 2529 720 2583 c.
752 2502 899 2582 Hefiod'.
918 2503 1064 2606 Theog.
1086 2514 1134 2600 36
1155 2501 1240 2608 sq).

316 2741 348 2820 A
370 2743 558 2822 Musarum
581 2748 733 2824 nornine
755 2743 936 2845 appellata
959 2735 1130 2831 aonam,
1164 2738 1276 2820 cuiue

199 2859 258 2932 vis
277 2870 317 2932 et
328 2857 545 2958 significatus
564 2863 626 2937 vni
647 2859 795 2953 tandem
822 2863 890 2934 arti
910 2856 1084 2944 adhaesit,
1112 2877 1198 2960 cum
1221 2857 1267 2932 ab

197 2972 309 3053 inuio
327 2976 476 3064 cantum
490 2987 528 3048 at
543 2977 714 3072 poeticen
736 2975 893 3068 omnino
917 2969 1125 3064 declararet,
1168 2968 1265 3065 post-

194 3109 245 3160 ea
264 3109 355 3168 ,vero
379 3090 503 3165 omnia
526 3111 585 3175 ea,
631 3110 725 3185 quae
759 3089 918 3162 carmine
950 3081 1059 3182 prodi
1087 3080 1265 3188 solebam,

150 3268 152 3287 ,
192 3198 386 3299 ipsamque
421 3201 513 3279 adeo
544 3200 814 3298 philosophiam
846 3197 1077 3302 omninoque
1095 3194 1262 3307 interae,

194 3316 372 3411 inprimis,
397 3333 489 3419 quae
518 3315 563 3390 ad
590 3313 852 3390 humanitatem
879 3315 1021 3391 animos
1050 3309 1258 3389 emolliunt.

192 3426 397 3528 Sequiores
411 3444 535 3518 autem
550 3427 738 3522 Musarum
755 3429 928 3516 nomine,
954 3433 1109 3502 numero
1129 3436 1167 3501 et
1183 3445 1264 3530 mu-

191 3565 307 3631 nere,
333 3544 429 3619 varie
454 3541 504 3629 vir
520 3543 622 3630 sant,
648 3567 735 3618 cum
754 3565 887 3640 magna
911 3538 1095 3632 interdum
1119 3535 1261 3646 allegof

193 3658 279 3742 riae,
305 3654 498 3748 licentiam
513 3655 631 3736 multa
659 3678 812 3756 quoque
841 3657 1064 3752 argutiarum
1097 3644 1278 3740 leuitate,'

189 3773 501 3869 qnamroratione
526 3769 697 3870 prosequi
721 3782 758 3843 et
780 3770 882 3866 piget
907 3778 944 3840 et
967 3763 1156 3842 aconfilio
1174 3763 1261 3838 alie-

189 3907 296 3974 num
326 3885 376 3962 est
399 3878 453 3988 i).
532 3874 812 3962 lta'ternarium
843 3879 1030 3957 Musarum
1060 3899 1257 4062 numqrqm
1377 3897 1382 3906 ·

695 3993 730 4072 V
761 4019 789 4092 4
1090 3988 1155 4088 phi
1172 4011 1194 4063 o
1212 4013 1251 4063 0-

230 4195 271 4274 ὗ)
290 4191 410 4265 Adane,
437 4150 697 4272 quieognoscere¹
718 4185 802 4258 vuit,
830 4152 972 4265 uuigorna
990 4143 1100 4250 libros,
1122 4175 1170 4274 vel
1185 4175 1254 4239 Plu·

251 4321 256 4332 ·
294 4275 408 4436 gealt
428 4271 683 4437 l{propos-VIII,
698 4287 755 4380 ¹14.
794 4266 928 4333 Varron.
957 4283 1002 4345 ap.
1021 4257 1187 4342 Angustia.
1218 4259 1255 4324 C.
