3292 5134
793 600 798 619 Ι

1220 526 1297 606 389
1331 584 1339 608 1

186 710 189 735 s
226 672 358 749 scurus·
377 673 514 763 homo,
559 658 819 777 ohscurautypi
849 670 983 761 caussa,
1027 674 1093 751 nifi
1118 675 1221 775 quod
1249 675 1297 754 ad

226 788 471 884 pestilentiam
497 812 525 863 a.
544 811 624 883 574·
647 788 776 875 refert,
819 801 856 862 et
871 784 926 864 Μ.
946 784 1141 886 Opimium
1171 788 1296 883 Quae-

225 901 362 979 storem
393 906 510 983 ”eiusa
542 903 629 979 anni
664 898 773 1001 futile,
804 904 955 979 coniicit
998 892 1294 1004 Hauerc'ampus3

226 1015 334 1111 quod
364 1028 487 1093 tamen
520 1038 600 1093 non·
636 1018 752 1114 magis
785 1016 929 1092 locum*
959 1015 1093 1095 habere
1135 1018 1291 1109 videtur,

225 1129 380 1226 quamfi
397 1128 528 1231 Jovom
548 1130 733 1231 quadrigis
751 1125 937 1205 inueilum
953 1144 990 1206 et
1005 1130 1146 1214 fulmen
1165 1148 1294 1210 tenen·
1363 1175 1367 1185 ¹

227 1256 304 1320 tem
339 1229 539 1319 contendas
560 1239 728 1319 eithiberi
752 1246 897 1319 iratum.
964 1241 1142 1323 Dicamus
1169 1250 1294 1347 potius

223 1352 440 1457 Apollinem
465 1358 571 1438 reddi
595 1371 636 1435 vt
655 1356 791 1455 solem,
819 1357 962 1458 sagittas
981 1382 1050 1459 pro
1064 1362 1173 1439 radiis
1190 1363 1295 1464 emit-¹

224 1486 378 1550 tentem.
780 1490 785 1496 '
1002 1506 1004 1520 ¹

341 1708 411 1785 Sed
428 1708 603 1803 fotiniam
620 1734 821 1811 numoruni
846 1720 1139 1789 annumeratum„
1196 1707 1289 1785 Sub-

223 1820 406 1914 iistantus,
447 1824 506 1899 vel
533 1826 622 1901 boni
649 1826 783 1903 ominis
797 1822 943 1914 icauna,
988 1826 1028 1900 in
1045 1822 1099 1903 Μ.
1120 1820 1287 1921 Opimio,

223 1940 318 2012 etin
337 1934 519 2034 Apolline.
581 1938 726 2033 Quidni
752 1940 852 2015 enim
869 1940 927 2015 vel
947 1940 1068 2014 verbis
1093 1934 1288 2013 ludamus?

221 2046 344 2127 Etiam
370 2050 442 2128 hoc
464 2054 556 2129 boni
581 2057 715 2129 ominis
742 2051 868 2129 caussa.
889 2149 893 2157 .
946 2047 1147 2129 Enimuero
1180 2074 1292 2127 omen

226 2168 298 2240 erit
331 2166 445 2265 longe
473 2170 605 2244 certius
633 2181 669 2242 et
704 2165 901 2243 iucundius
928 2164 1193 2264 prosperitatis,
1229 2187 1304 2261 paf

222 2285 354 2379 cisque
376 2298 416 2355 ac
446 2281 718 2381 tranquillitatis
742 2280 934 2380 publicae3
961 2277 1291 2377 finiulqoevestrae
1374 2347 1376 2352 .
1457 2384 1465 2393 ,

224 2395 444 2481 modestiam
473 2393 602 2484 Ciues,
633 2399 844 2495 amotisque
861 2395 985 2482 vestri,
1019 2416 1099 2493 quo
1127 2392 1292 2468 nostrum

223 2511 396 2585 omnium
412 2534 576 2595 amorem
593 2522 766 2589 mutuum
782 2509 1053 2609 prouoco-bitis,
1077 2509 1212 2610 pignus
1231 2506 1294 2583 da-

224 2624 313 2705 bitis
338 2622 750 2723 haudpoenitendunu
782 2623 982 2727 ficrastino
1006 2623 1067 2699 die
1088 2644 1228 2723 pompa
1251 2622 1292 2696 in
1338 2613 1343 2624 '
1419 2643 1421 2652 ·

224 2737 408 2837 templum
425 2738 674 2839 academicum
698 2738 825 2828 dulia,
853 2737 1199 2843 sacristsollennibus
1224 2734 1297 2811 fre-

224 2865 384 2950 quentes
408 2846 540 2943 adello,
580 2868 617 2930 et
634 2852 780 2931 ditioris
801 2876 843 2928 ac
861 2852 1003 2950 reliqua
1025 2874 1073 2925 ex
1089 2871 1193 2924 more
1212 2870 1295 2947 per-

224 2964 358 3041 atluris
380 2966 602 3044 audientiam
628 2967 745 3044 lacere
770 2964 1011 3064 fauoremque
1029 2961 1205 3063 praestare
1227 2984 1295 3039 vo·

223 3068 379 3155 lueritii.
438 3079 546 3179 Agite
569 3105 675 3165 vero,
700 3080 834 3169 nostri,
860 3079 1031 3154 lubentes
1048 3076 1293 3175 volentesque

224 3196 328 3270 votis
346 3196 474 3273 nostris
500 3194 736 3294 respondete,
773 3193 936 3297 Auspicio
953 3191 1014 3268 ioc
1031 3189 1118 3293 felix
1144 3202 1232 3267 totns
1255 3198 1294 3265 vt

223 3330 334 3385 onnus
361 3320 423 3390 eat.
537 3308 574 3386 P.
585 3306 622 3385 P.
641 3307 732 3411 'Kal
746 3306 834 3409 ¹Jan„
866 3310 1207 3386 cloloccnxxvni.
1346 3302 1352 3319 '
