3292 5134
320 627 326 642 ι
394 584 416 659 3
427 583 476 634 22
785 543 1073 600 ..ε-ΞΕ

397 732 700 836 monstrosorum,
729 731 904 832 pleraque
924 725 1088 806 ridicnla.
1155 729 1323 832 Diggion
1345 754 1472 806 nouum

276 940 281 950 q
399 853 514 926 varias
539 848 651 929 habet
667 844 817 930 insertas
839 843 1011 933 lacinias,
1054 842 1101 920 a'd
1126 841 1395 920 resarciendam
1417 849 1470 918 in-

398 967 533 1041 iuriam
556 961 758 1062 exemplari
784 959 873 1036 huic
897 957 1036 1034 ladam.
1079 955 1161 1056 ‘Ita
1184 957 1353 1058 suppleta
1386 957 1469 1033 sunt

308 1097 321 1102 ·
398 1080 445 1156 ab
470 1077 540 1154 alia
562 1101 695 1164 manu,
723 1073 1004 1173 eaqueseriore,
1031 1073 1100 1173 tria
1121 1071 1206 1149 folia
1223 1073 1263 1146 in
1279 1073 1470 1171 principio

397 1187 443 1292 (a
460 1192 524 1268 lib.
541 1187 739 1269 XXXIX.
756 1186 900 1287 Digesti
916 1187 1026 1274 noui,
1051 1199 1089 1262 et
1107 1185 1283 1262 infortiari
1304 1207 1324 1260 n
1351 1187 1413 1290 tit.
1439 1211 1466 1278 3.

357 1334 360 1343 ’
397 1303 549 1386 XXIV.
569 1304 653 1381 libri
670 1304 818 1380 initium
832 1298 1169 1398 'fierirrreminerls)
1193 1322 1308 1398 vsque
1324 1297 1374 1376 ad
1395 1301 1424 1378 l.
1438 1327 1469 1394 9.

398 1410 510 1522 primi
524 1418 641 1495 tituli:
677 1417 747 1493 alin
770 1417 846 1492 duo
870 1413 959 1491 folia
986 1413 1033 1515 ad
1056 1409 1208 1513 glossam
1225 1411 1473 1513 supplendam

399 1535 530 1611 inserta
549 1533 634 1609 sunt
655 1556 677 1607 a
695 1543 842 1634 recente
857 1553 971 1626 mann
996 1542 1080 1606 ante
1102 1531 1163 1606 tit.
1182 1529 1381 1629 quintum,
1409 1531 1471 1628 qni

343 1646 355 1714 Γ
393 1651 451 1743 ⁸est
476 1648 522 1725 de
545 1643 819 1746 donationibus.
879 1639 1060 1744 Expletur
1078 1645 1185 1720 etiarn
1203 1639 1336 1741 glolla,
1369 1667 1471 1719 ave-

317 1771 327 1808 *
398 1776 477 1838 tere
502 1785 614 1859 rnanu
637 1759 837 1857 adscripto,
871 1779 966 1856 quae
995 1757 1041 1854 ad
1065 1758 1128 1834 lib.
1152 1781 1186 1852 5.
1214 1758 1267 1849 tit.
1295 1758 1345 1834 de
1371 1759 1467 1834 verb.

400 1873 520 1973 signif.
537 1873 678 1965 deficit,
708 1874 753 1948 ab
770 1873 840 1961 alia
857 1895 973 1968 manu
991 1862 1108 1973 vsqrie
1122 1872 1168 1951 ad
1189 1871 1215 1946 l.
1236 1885 1300 1966 98.
1353 1867 1471 1948 Lacu·

352 2085 355 2088 ⁴
393 2013 488 2072 nam
502 1987 823 2089 hpbeteontextus
845 1985 991 2085 aliquot
1006 1977 1288 2063 foliorum'inde
1302 1996 1322 2060 a
1338 1985 1362 2061 l.
1380 2012 1465 2079 139.

256 2093 261 2100 ³
400 2104 448 2180 de
463 2100 607 2178 verbor.
625 2095 775 2199 fignific.
802 2099 983 2205 vsque'ad
1012 2099 1037 2176 l.
1068 2124 1153 2206 ¹3³·
1193 2099 1239 2175 de
1261 2123 1364 2198 regg.
1390 2099 1465 2176 Iur.

401 2214 459 2296 Ex
483 2217 612 2293 vltirna
629 2228 767 2310 lernen
786 2216 940 2314 pagiua,
977 2215 1076 2314 qdae‘
1101 2216 1244 2313 integra
1265 2213 1469 2302 subiicitur,

313 2385 317 2391 ,
351 2349 355 2354 ’
392 2328 685 2430 (conuertinrus
718 2330 817 2405 enim
852 2329 1017 2408 animum
1047 2328 1094 2404 ad
1125 2328 1346 2426 indaganda·
1370 2328 1469 2417 haec,

317 2447 334 2464 ““
357 2432 361 2439 ’
392 2468 496 2544 ὁ(ῑιιειε
513 2445 684 2543 prirnoria
698 2446 737 2518 in
754 2433 890 2540 genere
906 2465 953 2520 eo
975 2443 1119 2522 critices
1142 2441 1210 2520 elle
1233 2437 1387 2543 solent)
1420 2446 1471 2520 in-

251 2615 257 2621 .
395 2557 519 2654 ‚telligi
536 2557 674 2656 potest,
704 2555 860 2632 eandem
885 2555 1121 2658 scriptionem
1137 2554 1296 2634 fuille'in
1316 2556 1397 2636 hoc
1416 2582 1473 2636 co-

392 2670 505 2764 dice,
532 2694 643 2768 qnam
668 2671 902 2769 perturbatus
925 2671 1085 2757 duorurn
1109 2669 1289 2757 foliorum
1314 2674 1357 2750 in
1383 2671 1472 2749 Pan·

283 2770 289 2786 ⁸
396 2782 512 2886 ‘dedis
529 2783 756 2864 Florentinis
779 2783 874 2860 ordo
894 2784 933 2861 in
960 2789 1014 2862 tit.
1041 2785 1087 2868 de
1112 2810 1213 2886 regg.
1231 2783 1307 2864 lur.
1333 2789 1477 2888 vbique.

336 2931 339 2936 ·
396 2900 613 2987 Inuexerat,
638 2911 840 2997 antequam
859 2903 1008 2977 erroris
1026 2926 1046 2978 a
1065 2900 1242 2984 Taurello
1256 2901 1471 2980 obseruatus

338 3003 344 3016 “
397 3028 439 3112 et
455 3015 501 3090 ab
519 3011 685 3090 Antonio
705 3010 912 3114 Augustino
925 3027 1077 3093 notatus
1100 3017 1172 3094 fuit
1191 3019 1253 3112 g).
1314 3013 1471 3118 Expleta

401 3128 452 3204 est
480 3126 612 3220 lacuna
636 3128 682 3226 ab
707 3127 777 3212 alia
804 3151 919 3206 manu
955 3152 1027 3205 vna
1058 3153 1144 3206 cunr
1179 3127 1294 3228 glolia
1329 3132 1420 3207 inde
1451 3154 1469 3204 a

398 3239 424 3314 l.
449 3253 537 3324 108.
567 3239 613 3315 de
628 3239 773 3317 verbor.
791 3241 908 3342 signif.
930 3265 1046 3347 vsque
1069 3243 1116 3318 ad
1137 3241 1249 3320 finem
1266 3244 1376 3346 libri:
1410 3270 1470 3321 eo-

397 3352 484 3430 dem
509 3375 664 3452 quoque
680 3350 780 3430 rituli
794 3379 895 3454 regg.
913 3354 985 3434 Iur.
1007 3369 1045 3434 et
1070 3357 1197 3458 legum
1220 3357 1367 3436 ordine.
1410 3359 1470 3438 ln-

396 3465 615 3566 'quifiuimrrs
639 3468 748 3567 etiem
774 3471 814 3542 in
837 3481 956 3545 cetera
978 3468 1077 3557 loca,
1108 3493 1156 3550 ex
1174 3473 1311 3574 quihus
1329 3471 1471 3552 Pande-

397 3579 473 3658 nae
491 3605 539 3658 ex
557 3577 699 3659 Codice
716 3579 934 3658 Florentino
955 3582 1054 3661 durii
1078 3601 1295 3687 argumenta
1319 3594 1401 3688 peti
1420 3591 1471 3664 lo

320 3749 326 3769 .
398 3693 497 3772 lent:
540 3709 579 3778 et
599 3695 759 3773 vidimus
784 3697 894 3775 etlam
917 3699 957 3773 in
981 3697 1076 3789 hoe,
1121 3712 1162 3779 rt
1185 3705 1225 3780 in
1250 3699 1333 3781 aliis
1358 3705 1468 3782 codd.

288 3850 291 3854 ·
386 3812 452 3923 rit.
477 3825 497 3896 8
518 3822 556 3885 et
573 3835 609 3903 9.
639 3808 703 3885 lib.
723 3805 938 3892 XXXVII.
970 3811 1039 3890 elle
1061 3831 1316 3914 permutatos3
1350 3821 1470 3896 rubri-

194 3915 202 3952 ''
395 3947 474 4002 carn
495 3925 557 4000 seu
577 3921 740 4030 indicem
764 3929 817 4003 tir.
841 3953 912 4026 pro
934 3922 1065 4030 soluto,
1103 3934 1170 4032 qui
1195 3932 1468 4031 exemplaribus

311 4045 318 4067 ¹
393 4037 667 4129 recentioribus,
684 4036 830 4128 exulat,
873 4045 957 4120 ante
985 4043 1009 4120 l.
1030 4051 1099 4141 46.
1138 4051 1191 4124 tit.
1223 4048 1269 4124 de
1293 4045 1467 4150 vsurpatr

446 4175 452 4183 '
832 4171 840 4178 '
1047 4175 1052 4185 '
1434 4179 1468 4238 et

272 4459 298 4494 r.
332 4462 387 4505 ..⁸
404 4389 471 4479 1)
489 4357 821 4462 Mnffidorenroeus
833 4363 908 4463 Are
920 4399 1275 4512 Angnllin.·limendnlt.
1287 4404 1343 4470 lib.
1354 4405 1379 4481 1,
1395 4427 1424 4468 c.
1441 4422 1465 4469 1.

385 4505 478 4573 ¹1⁸¹}le
501 4514 548 4574 '2¹⁸

165 4522 651 4871 finiani.
701 4671 738 4704 „
