3292 5134
502 533 903 663 ²²³ss
1244 588 1291 659 ιι

229 731 467 846 Corinthiam
499 755 567 836 per
599 725 828 834 Corcyraeos
857 730 1012 833 spectare·
1046 734 1161 813 videri
1189 736 1303 838 supra

226 866 479 927 memoratum
498 850 557 926 eli
624 848 682 925 Ad
713 852 791 946 agri
818 848 1043 925 fertilitatem
1067 848 1182 949 lpica,
1212 864 1295 945 vua,

229 980 269 1040 et
302 986 424 1041 cornu
449 966 597 1065 copiae,
645 980 684 1038 et
701 958 851 1037 ‘Cereris
885 975 997 1064 caput
1020 962 1180 1065 appofita
1204 968 1292 1045 face.

228 1074 361 1177 Etiam,
372 1075 625 1179 Proserpinae,
665 1078 800 1153 eximie
821 1072 989 1157 aLocria
1007 1077 1146 1169 cultae,
1183 1096 1294 1181 caput

231 1194 424 1270 obseruare
442 1194 534 1269 mihi
550 1190 677 1269 videor
685 1196 745 1291 p).
803 1188 850 1267 In
866 1216 941 1268 vno
963 1212 1079 1268 numo
1094 1190 1295 1275 Dioscoro-

230 1332 317 1383 rum
332 1309 451 1412 capita
467 1313 685 1395 occurrunt,
716 1304 817 1405 quod
836 1302 882 1380 ad
900 1304 961 1381 illa
976 1306 1151 1407 respicere
1164 1311 1293 1411 potest,

228 1444 325 1521 quae
344 1421 390 1497 de
409 1444 538 1527 eorum
552 1419 751 1521 praesentia
768 1423 807 1496 in
826 1443 950 1519 pugna
974 1421 1020 1495 ad
1043 1420 1191 1521 Sagram
1212 1448 1295 1501 nar·

227 1538 299 1611 rari
315 1534 410 1611 infra
429 1528 640 1635 ex·Jullino
654 1528 760 1623 XX,
782 1559 816 1627 3,
840 1548 872 1647 8
905 1534 1128 1623 videbimus,
1169 1540 1232 1615 vbi
1257 1552 1294 1615 et

230 1650 376 1748 aquila,
402 1674 508 1747 quam
531 1653 571 1725 in
591 1649 713 1726 numia
730 1646 861 1746 signari
877 1649 1055 1737 diximus,
1086 1654 1293 1731 circumuo-

228 1756 316 1839 lall'e'
337 1778 546 1863 pugnantes
561 1758 704 1839 locros
724 1778 910 1853 narratur,
944 1763 1069 1863 quoad
1090 1768 1288 1845 vincerent.

183 1944 188 1953 .
229 1876 274 1954 In
291 1877 367 1954 alio
381 1880 430 1985 eit
446 1876 550 1978 Jono
570 1876 716 1961 sedens,
745 1875 904 1956 simodo
928 1878 1132 1957 adnostros
1150 1876 1292 1959 Locros
1379 1956 1384 1967 ,

226 1992 371 2093 spetlat
430 1989 645 2090 Caduceum'
668 1993 733 2090 qui
760 1996 921 2069 occurrit
944 1992 990 2069 ad
1017 1997 1191 2073 Mercurii
1215 1996 1294 2073 cul-

226 2120 309 2185 tum
336 2110 378 2181 in
395 2105 453 2182 his
472 2110 546 2183 oris
572 2105 684 2183 refert
711 2105 922 2189 Neunaann.
949 2106 973 2183 1.
994 2128 1024 2181 c.
1054 2132 1093 2205 p.
1116 2132 1176 2202 37.
1236 2108 1294 2188 lld

227 2218 483 2297 Romanorum
509 2220 639 2299 foedus
666 2220 721 2295 illi
754 2224 882 2304 numi,
918 2222 1120 2316 inquibus
1152 2219 1292 2299 Romae

229 2333 367 2410 sedenti
396 2355 536 2411 corona
566 2336 612 2409 ab
641 2335 731 2408 vrbe
761 2329 934 2409 Locrensi
970 2334 1192 2432 imponitur,
1229 2334 1291 2417 ad-
1433 2322 1438 2331 ’

233 2446 383 2551 scripto:
426 2459 536 2541 Porum
550 2471 673 2533 arcere
690 2459 833 2550 Λοιιρωι,
855 2450 901 2544 q)
928 2446 1093 2545 speciant

340 2594 497 2749 Instituta
526 2642 754 2749 Locrensium,
783 2660 927 2745 praeter
945 2590 1007 2723 illa
1030 2670 1124 2747 quae
1149 2650 1220 2725 iam
1247 2653 1288 2727 in
1350 2684 1353 2691 ¹

228 2758 458 2840 Prolufione
467 2773 669 2836 memorata
691 2760 796 2851 sunt,
832 2761 983 2861 reperiri
1008 2784 1026 2835 a
1050 2784 1110 2836 me
1135 2776 1291 2861 potuere
1318 2783 1321 2791 ’

197 2942 201 2947 .
228 2876 333 2954 haec.
384 2878 525 2975 primo,
530 2874 665 2975 quod
686 2874 838 2951 nobilitas
856 2879 979 2971 generis
1001 2901 1023 2951 u
1049 2876 1159 2971 semia·
1148 2902 1172 2950 ιι
1199 2873 1294 2975 opud

230 2983 389 3068 ιοιιῐιιᾶα
397 3000 486 3067 erat:
511 2991 637 3065 itaorti
649 2998 744 3066 erent
745 3017 797 3063 um
808 2956 888 3084 geni
873 2987 957 3062 tibur
973 2988 1206 3065 eminebant
1195 3003 1292 3067 inter

229 3118 387 3200 eeteros3
413 3117 488 3179 etat
504 3104 627 3198 autem
645 3127 775 3179 eorum
794 3114 896 3177 ortus
913 3100 1010 3175 talis·
1043 3101 1141 3203 apud
1149 3097 1291 3189 Locros

230 3214 403 3297 Graeciae
427 3216 473 3293 ad
504 3216 730 3317 expiandum
765 3213 881 3293 Aiacis
914 3210 1017 3293 Oilei
1049 3214 1288 3315 sacrilegium,

229 3350 341 3435 rapta
349 3329 584 3408 Callandra
574 3355 613 3408 ιιι
640 3329 834 3431 conlpellu
864 3312 1039 3419 Palladis,
1091 3334 1290 3429 quotannis

229 3446 426 3525 mittendae
448 3459 550 3521 erant
565 3447 725 3543 virgines
742 3444 853 3550 Ilium
870 3444 973 3530 sorte
978 3443 1155 3575 legendae
1173 3470 1219 3521 ex
1245 3440 1287 3521 C

177 3553 180 3562 ’
229 3564 398 3664 gentibus
413 3558 671 3693 illustrioribus
687 3557 752 3653 r'):
782 3560 898 3637 exhis
914 3560 1073 3657 virgines
1087 3534 1290 3637 nonnullae
1335 3594 1344 3620 a
1416 3642 1421 3655 ‚

376 3701 380 3710 ·
726 3670 782 3752 D
799 3697 816 3768 3
1217 3692 1290 3748 vna
1333 3749 1339 3759 ,

266 3864 310 3949 p)
336 3863 460 3933 Vtrab
478 3860 638 3945 71.v111.

269 3978 312 4063 q)
333 3972 524 4060 Digeffimua
548 3973 583 4037 ln
603 3972 744 4037 ordinem
766 3971 851 4035 bunc
872 3993 933 4049 ea
967 3992 1046 4059 quae
1076 3974 1110 4037 in
1136 3970 1305 4069 mugnano·
1335 4044 1339 4067 Ι

335 4068 522 4127 occurrunt
543 4071 576 4119 et
591 4055 756 4137 diligenter
769 4054 905 4137 exposita
927 4046 996 4123 sunt
1009 4053 1194 4141 ligillatim
1185 4070 1218 4115 m
1232 4052 1293 4119 Ra

333 4141 410 4207 tetii
424 4140 543 4207 Lexlco
560 4137 743 4211 Numll'mt.
757 4158 833 4205 πνοι
852 4138 953 4207 locri.

264 4252 306 4336 r)
335 4252 447 4322 Strabo
461 4250 596 4335 Xlil
598 4254 754 4333 ,9.869,
781 4252 852 4316 add.
869 4249 949 4316 Plot
969 4248 1085 4315 desem
1102 4264 1190 4311 nam.
1206 4246 1290 4313 vind.

333 4354 367 4419 9.
385 4350 460 4416 557.
476 4334 522 4399 D.
542 4344 576 4398 et
575 4271 702 4398 ¹'laruda
725 4335 800 4398 ibit
820 4334 869 4397 Cl.
887 4331 1050 4417 Wytteub.
1077 4330 1112 4395 ln
1132 4333 1181 4397 ed.
1197 4329 1293 4393 libelli
1350 4384 1355 4397 ,

334 4438 368 4503 9.
386 4427 441 4487 oo.
471 4416 577 4501 Toup.
592 4418 652 4577 Ε9.
667 4418 746 4482 crit.
758 4436 788 4499 9,
808 4418 878 4485 162
