3292 5134
1193 547 1237 620 31

263 692 352 773 De
378 687 531 769 vtilirate
559 689 643 767 talis
685 650 933 786 legis'multa
961 686 1085 790 passim
1116 691 1244 769 a'uitis

158 808 438 910 ¹prudentibus
447 806 637 905 disputata
645 803 746 895 sunt3
805 811 858 877 et
869 827 960 881 eam
965 805 1117 903 quidem
1138 813 1295 883 certisv
1368 876 1376 889 ,
1485 821 1487 850 ι

177 927 269 1022 reip
314 922 543 1021 temporibus
588 899 995 998 accommodatissimam
1029 918 1098 994 effe
1134 920 1245 1017 polle,

175 1061 258 1113 non
283 1052 455 1135 negatur,
505 1050 731 1135 perpetuam
744 1047 868 1111 tamen
893 1034 1048 1111 eandem
1074 1030 1248 1111 ellenon
1308 1030 1311 1035 ’

177 1150 430 1227 debererede
454 1148 710 1239 contenditur}
738 1143 887 1245 polluat
908 1150 1009 1223 enim
1038 1172 1248 1227 meretum
1382 1204 1387 1221 .

176 1263 439 1341 vicissitudines
457 1254 636 1349 incidere,
666 1276 705 1337 vt
721 1261 783 1335 lex
805 1263 994 1353 tum'eum
1010 1261 1166 1338 ferretur
1182 1268 1250 1340 ati·
1309 1277 1312 1286 '

175 1377 307 1455 lifflma
325 1376 524 1477 aliquando
542 1372 740 1475 perniciem
759 1376 848 1473 reip.
869 1374 1004 1451 afferat.
1063 1373 1250 1454 Praeclare

176 1496 290 1569 etiam
302 1495 338 1566 in
359 1507 437 1567 e'am
454 1490 673 1567 sententiam
679 1490 892 1589 disputatur
897 1489 1250 1622 irtrlegnmnnmlno

176 1602 345 1683 custodia
377 1620 478 1683 certo
509 1605 728 1703 nnnistratui
756 1603 968 1687 mandetur,
1011 1607 1075 1703 qui
1098 1603 1249 1705 singulis

176 1723 371 1801 decenniis
396 1720 455 1795 vel
474 1721 653 1795 ιιεειιιιιιι
671 1718 717 1793 de
739 1712 885 1817 legib'us
908 1706 1091 1795 nouandis
1115 1720 1161 1794 ad
1183 1745 1250 1819 po-

175 1834 315 1964 pulum
343 1834 455 1922 ferat,
503 1832 530 1909 fi
555 1848 769 1932 temporum
791 1827 943 1931 quidem
972 1832 1247 1923 vicillltudineer

173 1951 269 2047 reip.
296 1952 580 2045 incrementat!
598 1970 707 2045 npeS,
734 1946 793 2021 vel
811 1944 993 2021 calamitas
1015 1945 1159 2052 ¹aliqua,
1188 1948 1250 2025 vel

173 2086 303 2139 nouae
321 2077 469 2137 exortae
489 2056 647 2148 caullae,
679 2062 814 2159 quibus
841 2060 903 2135 lex
922 2084 1000 2137 non
1024 2064 1248 2160 prouiderat,

175 2179 385 2276 quiequam
418 2178 457 2251 in
482 2178 525 2250 iis
550 2177 681 2250 nouari
711 2171 882 2249 inllerint.
938 2173 1029 2251 'Sed
1066 2175 1169 2273 quod
1204 2174 1250 2251 ad
1311 2239 1316 2249 .

177 2290 395 2368 Zaleucum
416 2288 569 2375 attinet,
596 2308 684 2363 eum
701 2283 904 2360 meminisse
926 2286 1103 2363 debemus
1135 2292 1181 2362 in
1200 2291 1251 2365 ci·

175 2407 295 2495 vitate
327 2401 462 2484 libera,
511 2402 550 2473 in
576 2420 647 2497 qua
682 2398 866 2476 summum
888 2400 1085 2497 imperium
1111 2407 1250 2479 nonin

164 2532 301 2619 ιἰιιιιιιι
322 2514 498 2591 'delatum
528 2510 588 2587 sed
615 2510 759 2611 populo
787 2504 969 2589 seruatum
999 2512 1102 2603 effer,
1145 2518 1249 2615 leges

175 2632 348 2708 seribere.
421 2621 497 2721 Iam
533 2640 656 2709 autem
691 2627 889 2731 imperium
914 2628 1094 2727 populare
1126 2632 1249 2707 multo

174 2745 342 2845 pleniori
374 2756 409 2818 et
434 2740 649 2839 religiosiori
682 2740 811 2840 legum
845 2738 1023 2841 obsequio
1052 2743 1250 2845 multoque

175 2858 355 2935 seueriori
381 2852 590 2954 disciplinae
609 2854 818 2929 adstridum
845 2853 912 2930 elle
927 2856 1043 2946 solet,
1068 2881 1180 2955 quam
1200 2856 1250 2934 al-

176 2974 299 3049 terius
328 2972 466 3049 formae
482 2992 597 3066 resp,
646 2981 731 3043 tnta
756 2972 835 3043 eius
861 2968 954 3045 lalus
978 2970 1106 3068 legum
1121 2996 1252 3083 perpe·

176 3085 256 3175 tuit
241 3097 314 3180 tate
346 3095 382 3157 et
403 3082 532 3159 intada
554 3081 739 3160 funditate
767 3084 1007 3178 continetur;
1065 3102 1104 3159 vt
1125 3087 1250 3205 legem

176 3198 280 3278 male
309 3194 460 3301 politam
479 3193 547 3271 elle
569 3196 676 3271 satius
703 3194 762 3283 fit,
794 3219 905 3301 quam
921 3196 1030 3273 male
1036 3197 1141 3293 tolli3
1151 3226 1250 3310 nee

175 3313 301 3392 facile,
315 3311 387 3385 vlla
406 3311 627 3387 democratia
650 3310 766 3385 soluta
792 3312 860 3400 est,
897 3311 963 3386 nifi
989 3311 1142 3412 legibue
1159 3302 1251 3392 anti-
1318 3402 1325 3411 .

176 3432 267 3529 quis
284 3425 410 3503 inlutis
417 3450 430 3517 3
459 3422 649 3523 multaque
665 3427 741 3501 eius
759 3428 810 3499 rei
828 3424 997 3525 exempla
1016 3439 1099 3503 ante
1119 3430 1250 3507 oculos
1361 3427 1365 3439 “

177 3540 350 3620 Zaleuco
379 3538 508 3613 versari
539 3539 731 3614 debebant.
755 3538 760 3547 “
806 3536 923 3614 Porro
958 3553 995 3616 et
1024 3541 1124 3639 apud
1154 3543 1250 3643 ipsos

178 3652 324 3731 Locros
351 3654 596 3749 magistratus,
644 3656 704 3727 cui
733 3651 859 3749 legum
894 3654 1056 3731 custodia
1081 3658 1252 3737 mandata

181 3764 289 3855 ellet,
330 3764 433 3843 soille
456 3766 617 3851 videtur,
662 3766 856 3865 liquidem
884 3766 989 3867 supra
1011 3774 1179 3869 cognitio
1209 3777 1252 3848 in
1347 3761 1351 3765 “

178 3906 271 3968 eos,
301 3882 363 3978 qui
386 3880 501 3979 remp.
519 3894 584 3955 aut
601 3883 700 3957 ciues
723 3880 806 3957 siros
827 3884 999 3981 improbe
1018 3897 1054 3961 et
1072 3886 1254 3967 inuidiosa

175 3993 286 4075 dietis
309 3992 534 4080 lamberent.
553 3996 735 4071 mandata
760 3995 991 4073 dicebatur!
977 3998 1082 4100 legam
1114 3999 1254 4101 custodi
1268 4039 1270 4054 ·
1344 4009 1346 4018 ’

173 4112 239 4189 bns
264 4114 341 4203 m),·
372 4123 479 4207 atque
502 4111 611 4185 etiam
637 4110 779 4246 legem,
822 4108 979 4212 siquam
1008 4116 1132 4189 minus
1157 4115 1252 4191 bene

1020 4311 1023 4315 A
1136 4226 1252 4307 latam

158 4366 159 4379 ¹
219 4355 386 4433 ιιὴιιόμιιν
410 4354 547 4433 φύλακες
567 4375 617 4438 ep.
634 4354 722 4421 seon.
745 4370 858 4441 9480.
980 4386 985 4391 *

1146 4491 1156 4533 l
