3292 5134
1072 409 1076 427 l

386 525 467 608 28³
508 524 514 539 '

382 709 460 766 ex
453 709 594 783 eorum
615 689 802 787 principio
825 675 1087 795 'colligimur
1132 681 1336 764 Deduxere
1360 705 1451 764 mox

381 798 630 905 Respublicae
660 804 891 880 enumeratae
918 800 1181 902 philosophum
1210 798 1255 875 ad
1278 798 1363 895 leges
1385 827 1449 878 noo

374 909 539 1039 scaptos.
565 917 639 995 boc
659 918 709 1002 est
736 915 781 996 ad
803 916 964 995 instituta
992 932 1028 1000 et
1046 934 1172 1007 morea
1197 913 1444 1000 barbarorum.

367 1022 541 1118 ’Νόμιμθ
562 1024 617 1118 βα
619 1025 712 1134 ρβαρ
714 1023 786 1109 ruri,
816 1024 935 1120 paffirn
960 1015 1118 1113 laudata,
1145 1027 1256 1098 etiam
1275 1025 1443 1098 Ciceroni.

341 1148 344 1154 '
382 1127 544 1205 Fuerunt
564 1149 700 1224 praeter
733 1128 824 1203 haec
857 1119 1092 1234 Δικαιώματα
1119 1119 1277 1210 πόλεων,
1316 1134 1447 1198 contra-

205 1291 213 1308 s
337 1290 340 1295 -
380 1226 517 1336 verstrae
529 1238 716 1320 ciuitatem,
743 1234 819 1312 fere
843 1255 933 1334 quas
956 1205 1068 1312 nostri
1091 1232 1349 1310 homines
1270 1259 1333 1330 pre
1335 1233 1448 1331 ensa

319 1412 323 1423 .
378 1373 436 1428 nes
466 1363 607 1429 vocant.
653 1344 807 1426 Etiam
828 1341 964 1426 Νόμων
994 1347 1113 1427 libros
1138 1343 1201 1424 IV.
1214 1343 1488 1452 Ιετίρῐςετθῑῃ

273 1469 277 1476 ’
382 1439 568 1561 attamen
594 1485 673 1542 non
697 1462 778 1556 latis
796 1461 955 1550 constet
993 1455 1073 1540 Plat
1059 1476 1233 1556 tonernne
1257 1459 1348 1568 ille
1339 1483 1377 1536 in
1393 1459 1446 1536 his

302 1601 306 1608 ’
381 1540 585 1658 aemulatus
611 1576 916 1680 legumlatlonem
939 1573 1013 1678 ipse
994 1575 1255 1664 einstituerit,
1286 1561 1333 1648 an
1359 1575 1447 1648 ciui-

380 1700 497 1770 tatum
521 1693 701 1770 variarum
728 1690 829 1790 leges
865 1693 1093 1772 enarrauerit
1181 1685 1364 1766 Alterum
1377 1686 1449 1764 hoc

345 1799 349 1815 '
380 1806 576 1906 probabile
599 1803 659 1894 fit,
695 1803 886 1883 liGellius
905 1801 953 1892 ΙΙ,
980 1825 1038 1879 12.
1071 1803 1149 1888 vbi
1156 1793 1218 1882 lex
1249 1778 1447 1882 athenien·

380 1913 474 2000 fium
501 1922 699 2030 orantur,
734 1917 884 1998 adeum
909 1917 1077 2022 respexit.
1161 2022 1164 2031 Ι

380 2137 386 2151 ·
493 2083 629 2199 Altero
646 2117 693 2195 ab
714 2117 792 2198 hoc
821 2116 909 2197 loto
939 2111 1175 2219 Theophrastus
1200 2113 1291 2206 fuit,
1345 2117 1444 2194 euius
1490 2061 1491 2102 ³

292 2279 298 2301 ι
377 2236 520 2344 praeter
536 2240 652 2316 'libros
673 2238 711 2314 de
734 2237 818 2335 Rep.
846 2237 1072 2334 (Πολιτικῶν)
1104 2243 1209 2314 etiarn
1233 2231 1315 2337 oripi
1329 2227 1445 2330 Νομο-

380 2355 497 2433 θετῶν
523 2350 604 2429 libri
628 2377 712 2438 tres,
737 2348 813 2431 tum
838 2347 969 2440 Νόμων
988 2344 1094 2452 'aurai
1119 2349 1446 2452 rantzoviialpha.

238 2457 244 2464 ⁴
375 2463 504 2544 betico
520 2462 668 2548 ordine,
700 2463 892 2539 ciuitatum
909 2483 950 2537 ac
970 2459 1211 2562 populorum,
1231 2459 1380 2536 eredere
1404 2459 1446 2537 li-

379 2570 719 2657 cet)libriXX1V.
756 2590 802 2643 οῖ’
827 2565 953 2650 Νόμων
978 2565 1149 2656 ἐπιτομῆς
1175 2569 1256 2640 libri
1280 2573 1328 2644 X.
1363 2572 1446 2646 editi
1492 2560 1493 2604 t

377 2671 482 2758 fuere
508 2669 709 2773 (Laerth
727 2680 813 2771 44)·
873 2671 918 2754 In
946 2674 1001 2753 his
1026 2699 1116 2748 non
1109 2675 1239 2752 modo
1262 2675 1446 2764 Graeciae,

288 2810 310 2839 '·
343 2833 346 2836 ⁴
377 2789 439 2874 sed
466 2803 504 2870 et
519 2790 751 2869 barbararum
767 2791 937 2886 gentium
965 2787 1096 2888 leges
1085 2787 1181 2864 conl
1172 2803 1311 2890 gnatas
1333 2788 1446 2881 fuille,

298 2971 303 2992 .
378 2929 427 2988 ex
452 2885 632 2988 Cicerone
655 2901 876 3035 intelligitur
905 2901 973 3004 (de
988 2901 1066 2983 Fin.
1080 2879 1118 2980 V
1118 2909 1198 3003 ‚4).
1276 2967 1284 2974 .

483 3101 661 3187 Tandem
688 3102 930 3190 monachus,
960 3104 1181 3186 Aristotelis
1190 3104 1355 3211 auditor,
1375 3128 1447 3180 va-

372 3223 513 3301 riarum
538 3193 714 3298 Graecibe
737 3222 886 3300 urbium
909 3221 1187 3333 constitutiimes
1224 3217 1445 3312 (Πολιτείας)

371 3329 598 3430 pollegerat',
625 3328 790 3408 laudatas
814 3318 950 3413 exinrie'
969 3355 987 3408 a
1012 3331 1192 3412 Cicerone
1218 3330 1288 3436 (ad
1301 3331 1377 3414 Att.
1394 3331 1443 3422 Il

379 3454 424 3540 θ)
451 3469 497 3525 ex
528 3446 585 3528 his
608 3434 869 3546 Spartiatarum
902 3471 994 3546 resp.
1024 3445 1139 3532 fertur
1163 3448 1311 3548 Spartae
1338 3460 1448 3548 quot-

371 3547 481 3651 annis
513 3559 663 3664 publice
693 3557 785 3639 latta
808 3557 877 3642 effe
902 3555 1034 3666 (Suid
1045 3551 1170 3661 hv)
1230 3558 1369 3646 Notior
1398 3562 1449 3642 est

291 3669 294 3675 ’
372 3670 531 3750 eiusdem
560 3668 637 3760 βίος
665 3661 852 3777 ΕΜιΙος,
882 3670 953 3746 hoo
970 3673 1024 3750 est
1049 3677 1107 3744 de
1115 3677 1208 3749 vitiu
1236 3692 1273 3748 et
1299 3671 1445 3770 quaestu

374 3791 528 3876 totaque
554 3777 648 3870 vitae
673 3767 817 3855 ratione
849 3780 946 3858 inter
972 3776 1156 3869 Graecos,
1191 3777 1359 3858 sermone
1383 3804 1450 3880 pe·

372 3893 484 3974 destri
500 3902 688 3982 exaratus,
712 3917 733 3971 e
751 3915 842 3993 quo
856 3917 972 3996 pauca
990 3891 1194 3995 fragmenta
1210 3893 1254 3970 ad
1278 3917 1348 3970 nos
1364 3919 1448 3995 per·

354 4005 538 4104 venere3
580 4005 646 4107 qui
669 4008 769 4085 enirn
786 4009 992 4087 inter-mixti
1021 4007 1105 4090 sunt
1126 4008 1245 4088 venus
1273 4005 1445 4110 Jambiei,

237 4140 243 4150 ’
378 4142 428 4196 ex
449 4118 518 4192 alio
540 4141 646 4210 opere
667 4108 876 4227 (ἅναγρφφῆ
899 4105 1083 4210 mailoc)
1108 4115 1385 4220 adescriptore
1382 4122 1446 4269 ali-

378 4245 457 4339 quo
482 4222 612 4383 seruati
633 4210 725 4304 subt.

783 4361 785 4367 ’
1151 4257 1447 4442 Sequutua
