3292 5134
263 533 266 538 ’
393 538 507 627 356x

784 505 1066 542 m

785 539 1071 570 m

284 763 291 778 ,
382 694 483 778 ›ciosa
501 705 543 795 ei
562 689 691 792 ampla.
764 679 1028 794 Locupletalae
1049 685 1132 776 lunt
1164 712 1225 766 eae
1247 693 1382 789 copiae
1407 695 1462 768 in·
1487 736 1488 810 q

303 803 307 811 ’
389 809 482 908 figni
506 804 704 910 accelfione
727 794 920 904 apparatus
940 799 1175 912 metallorum
1200 801 1460 896 Schluteriani,

387 924 584 1022 largitione
606 919 719 1017 Regis
742 915 855 993 nostri
873 913 1203 993 munificentilsrma
1225 920 1264 993 in
1281 915 1463 1008 'Mulenm

389 1038 464 1116 hoc
479 1035 730 1115 academicum
744 1030 848 1107 illati.
907 1027 1082 1128 Instruxit
1097 1029 1211 1122 illud,
1242 1032 1347 1111 bono
1374 1058 1461 1112 cunr

391 1155 529 1240 omine,
550 1150 685 1248 opibus
699 1145 891 1221 honnullis
906 1143 1064 1221 aliorum
1080 1166 1232 1247 quoque
1246 1143 1462 1238 liberalitas,
1488 1235 1489 1244 Ν

371 1278 433 1356 ,νε
450 1287 568 1363 nuper
585 1257 799 1337 Cellilfimae
813 1252 1017 1358 Principis,¹
1038 1257 1219 1336 Henricae
1235 1255 1464 1338 Christianae

391 1378 438 1456 de
454 1374 656 1462 Wuldeck,
684 1370 969 1473 exquilitillrmas
987 1374 1131 1472 ingenii
1147 1373 1335 1473 animique
1354 1375 1466 1453 dotes

392 1518 479 1572 curn
494 1504 643 1567 naturae
666 1500 703 1564 et
718 1488 925 1563 litterarum
944 1509 1073 1562 amore
1084 1508 1126 1562 ac
1144 1485 1262 1564 studio
1280 1489 1466 1589 copulan.

391 1611 448 1684 tis.
509 1603 592 1682 tilia
614 1603 717 1680 dono
740 1599 835 1676 misrt
853 1597 922 1677 Vir
949 1598 1159 1689 clarillrmus
1184 1599 1231 1677 de
1253 1597 1358 1692 Luc,
1389 1601 1464 1680 Ge-

392 1717 580 1809 neuenlis,
611 1714 721 1794 frater
745 1711 975 1792 sollertisfimi
997 1736 1213 1792 arcanorum
1234 1728 1390 1792 naturae
1407 1721 1464 1794 in.

393 1833 597 1932 dagatoris3
635 1844 673 1907 et
694 1831 773 1938 iarn
785 1827 972 1937 superiore
988 1851 1088 1906 anno
1110 1825 1152 1906 L.
1164 1823 1202 1906 Β.
1226 1828 1273 1906 de
1290 1827 1461 1934 Hr'iplch,

390 1943 460 2022 Vir
481 1943 614 2024 Illustr.

503 2060 584 2166 Iam
609 2079 696 2164 cum
717 2083 923 2165 multorum
945 2086 1041 2180 votis
1065 2085 1137 2164 hoc
1162 2088 1372 2186 expetitum
1394 2114 1457 2166 au-

392 2203 614 2290 diuerimus‚
636 2223 770 2302 resque
783 2199 881 2281 ,illud
899 2197 973 2300 ipsa
994 2223 1159 2292 monere,
1190 2187 1462 2305 consiliumque

264 2358 270 2394 r
393 2316 608 2396 adornandi·
630 2313 812 2394 eiusmodi
835 2311 956 2392 Musei
986 2306 1169 2413 postulare
1190 2314 1381 2408 videatur,
1423 2333 1463 2394 vt

393 2434 586 2529 copiarum
609 2429 864 2528 congestarum
884 2451 927 2506 ac
944 2425 1165 2505 seruaturum
1186 2429 1318 2506 notitia
1337 2431 1463 2531 aliqua

390 2542 541 2643 publice
563 2541 751 2642 propofita
773 2541 904 2618 exstet:
929 2537 1057 2640 (atque
1078 2542 1216 2620 vtinam
1237 2539 1347 2620 {insili
1363 2547 1468 2622 insti·

251 2715 254 2720 .
392 2670 476 2736 tuto
501 2654 903 2755 bibliothecaenostrae
918 2677 1008 2754 opes
1030 2655 1232 2734 describere
1246 2659 1464 2758 etpublicis

326 2782 329 2788 ’
391 2769 512 2849 vsrbus
537 2785 724 2870 exponere
745 2766 918 2860 liceret!)
952 2791 1037 2848 ecce
1060 2767 1254 2867 lpbnauam
1274 2773 1389 2853 nobis
1414 2776 1464 2851 est

264 2932 266 2937 ·
311 2955 316 2962 .
392 2882 604 2974 confilium,
640 2885 839 2984 ,potiorum
861 2905 1002 2982 rerum,
1043 2885 1204 2983 quaein
1229 2883 1366 2964 Museo
1387 2886 1463 2966 hoc

317 3020 319 3023 ·
391 2998 602 3080 academico
619 3001 880 3087 continentur,
907 2994 1096 3079 recensum
1119 2999 1160 3074 in
1183 2997 1329 3099 aliquot
1356 3023 1465 3080 com·

391 3111 712 3200 mentatiuncnli's,
740 3135 830 3210 quas
851 3112 926 3192 hoc
941 3111 1090 3212 publice
1106 3111 1293 3212 praefandi
1318 3138 1462 3194 munus

390 3227 498 3304 certis
517 3227 747 3324 temporibus
762 3227 890 3323 exigit,
909 3225 1082 3324 deinceps
1097 3226 1225 3304 lacere.
1267 3221 1317 3304 Et
1334 3232 1458 3328 primo

241 3349 245 3358 “
336 3407 340 3411 ,
390 3337 544 3438 quidem
564 3337 652 3415 loco
669 3345 790 3420 armos
805 3336 976 3419 Romanos
993 3338 1178 3419 recensere
1199 3343 1320 3431 iuuat,
1349 3343 1464 3422 initio

334 3506 336 3509 -
387 3475 412 3527 a
427 3449 761 3556 uumifmiliarun,
794 3474 885 3550 quas
907 3467 1064 3542 vocant,
1092 3453 1204 3543 fallo,
1233 3454 1308 3531 hoc
1336 3457 1390 3533 est
1417 3461 1466 3535 ab

388 3555 433 3643 iis
450 3568 804 3666 numis,„quns.per
827 3564 964 3644 liberae
982 3570 1078 3666 reip.
1103 3582 1268 3667 tempora
1292 3569 1386 3649 inde
1414 3575 1466 3651 ab

385 3676 487 3758 tte.
506 3695 625 3777 484‚.
646 3703 726 3780 quo
749 3681 912 3778 primum
942 3695 1135 3780 argentum
1159 3681 1290 3781 lignari
1313 3689 1466 3786 coepit,

383 3817 500 3894 usque
518 3793 563 3870 ad
579 3791 937 3892 excellumllugulli,
957 3797 1097 3876 invrbe
1117 3796 1267 3896 quidem
1285 3800 1468 3897 quaesto-

385 3930 444 3985 res
464 3907 592 3986 vrbani
611 3921 649 3988 et
661 3905 718 4004 ΙΙΙ
726 3906 1016 3988 vui-Aonie
1022 3907 1061 3986 F.
1091 3907 1155 3990 seu
1175 3907 1385 3990 monetales
1404 3915 1465 4014 a),

1419 4033 1464 4106 in

358 4146 362 4151 ¹
425 4181 462 4266 a)
482 4166 563 4247 Raro
582 4190 666 4245 extra
686 4175 845 4256 ordinem,
871 4147 1066 4246 nec-nili'ex
1087 4151 1186 4259 tcto,
1206 4181 1338 4248 Aediles
1360 4205 1465 4252 coro·

495 4268 541 4332 les
562 4265 662 4354 nepl,
702 4266 811 4333 ‘Porro
823 4285 879 4350 pro
895 4264 1023 4350 lllvinis
1038 4267 1170 4338 instituis·
1190 4266 1328 4348 thiroa
1344 4269 1482 4420 0·ng
