3292 5134
381 543 460 618 432
770 503 1052 627 ''gr-‚³¹¹⁸-

322 707 326 727 ²
378 689 523 770 honore
543 681 727 784 sehabet}
754 686 920 782 videreta
948 686 1105 787 deprimi
1131 698 1256 765 contm
1287 701 1328 766 et
1349 691 1440 768 infra
1479 728 1480 779 ,

375 805 538 904 uulgaris
574 805 668 881 adeo
699 795 840 880 nirtutis
872 789 1069 900 laudisque
1095 803 1254 900 gradum
1278 807 1377 878 reiici
1401 820 1440 882 et

309 923 312 934 '
376 919 559 1012 subsistere
580 919 741 1006 animos,
766 916 791 992 fi
809 919 855 992 ab
874 919 929 1010 iis,
960 915 1259 1015 quibus-consilia
1274 931 1313 992 et
1328 919 1436 995 studia

373 1034 437 1126 ,sua
461 1037 613 1132 probata
635 1031 703 1110 elle
728 1031 853 1128 velint,
884 1031 1061 1106 fastidiose
1080 1028 1114 1103 se
1137 1034 1339 1129 excipiant
1354 1056 1439 1108 cori-

369 1162 494 1226 *temtu
517 1147 760 1246 neglesiuque
783 1145 908 1227 haberi
932 1144 1096 1236 videant3
1126 1167 1212 1219 cum
1235 1145 1326 1227 haec
1343 1160 1442 1223 tene-

376 1278 433 1340 ret
458 1263 581 1338 animo
598 1259 895 1362 prudentillirnus
911 1256 989 1340 Vir,
1008 1260 1260 1356 iudicaretque
1282 1283 1440 1359 aequum

376 1375 465 1476 elle,
508 1390 566 1464 vt,
607 1374 710 1474 quod
735 1377 973 1472 praecipuum
997 1387 1060 1451 aut
1087 1395 1200 1448 vnum
1225 1374 1440 1454 eruditionis

370 1488 578 1591 praemium
595 1489 644 1562 est
661 1487 837 1575 relietum,
860 1491 944 1562 viris'
959 1487 1073 1564 doslis
1089 1487 1168 1584 poll
1185 1500 1304 1564 cetera
1319 1493 1441 1567 omnia

320 1688 322 1700 ‚
373 1594 422 1700 ne
449 1605 666 1701 eriperetur3
712 1625 797 1676 nam
832 1600 1063 1700 quaestuosae
1086 1598 1276 1688 doctrinae
1307 1627 1442 1700 genera

342 1789 345 1811 ,
373 1719 413 1794 in
436 1736 510 1816 rep.
531 1713 599 1792 else
623 1703 822 1796 admodum
853 1739 986 1814 pauca3
1002 1704 1135 1814 itaque
1158 1713 1365 1804 aditusuo,
1393 1744 1440 1794 ne

373 1855 439 1930 per
463 1831 599 1906 litteras
631 1829 801 1927 quidem,
849 1830 1080 1904 excludebat.
1104 1827 1312 1922 nenninem3
1347 1834 1442 1909 inter
1475 1906 1479 1911 .

373 1965 476 2020 curas
491 1943 648 2036 luminas
672 1955 794 2020 mnaen
818 1945 937 2017 otium
964 1942 1148 2039 supererat
1172 1956 1209 2016 et
1232 1948 1375 2020 vacatio
1397 1948 1441 2024 ad

285 2061 295 2080 “
331 2075 362 2096 ”r
373 2057 568 2151 commoda
586 2071 622 2132 et
639 2055 802 2154 alloquia
822 2057 939 2133 nostra
948 2080 959 2148 3
989 2079 1008 2128 a
1028 2056 1137 2132 dodo
1161 2059 1241 2131 viro
1267 2060 1437 2157 interpel.

370 2174 461 2262 latio
488 2157 698 2270 importuna
719 2171 912 2266 uidebatur
928 2169 1030 2245 nulla
1038 2195 1050 2261 3
1075 2169 1248 2252 facilitate
1262 2171 1441 2250 admissio-

370 2291 434 2388 nis
446 2301 481 2362 et
498 2287 734 2373 humanitate,
765 2287 873 2361 etiam
893 2308 979 2363 cum
1004 2283 1156 2371 honoris
1178 2283 1440 2381 significatione

300 2417 308 2428 “
368 2400 728 2497 beneuolentiaeque
760 2381 995 2497 exquisitiore
1027 2398 1148 2498 aliqua
1177 2397 1439 2486 testificatione.

372 2515 604 2592 deuinciebat
634 2511 718 2598 fibi,
755 2516 822 2612 ⁴qui
858 2513 901 2587 se,
931 2509 1113 2600 adiillent,
1164 2535 1306 2592 omnes.
1395 2512 1440 2594 Et

276 2611 279 2622 ¹
370 2643 493 2710 tamen
517 2629 612 2704 inter
628 2625 718 2700 haee
741 2628 916 2702 orationis
938 2615 1118 2724 grauitas,
1157 2625 1358 2703 verborum
1386 2633 1440 2704 in-

368 2741 530 2820 affectata
549 2741 688 2832 veritas.
749 2737 847 2814 Nam
873 2739 1030 2814 vidimus
1056 2739 1245 2837 quondam
1270 2749 1309 2819 et
1331 2741 1437 2833 alios,

299 2864 317 2894 b
368 2860 435 2957 qui
451 2857 662 2941 comitatem
673 2849 906 2946 ¹fimularent,
918 2852 1170 2930 renidentibus
1187 2856 1441 2951 tingentibus·

367 2995 442 3095 que
473 2969 683 3056 similiores,
724 2981 764 3044 vt
795 2967 946 3067 sibiipsi
969 2966 1080 3044 iidem
1110 2956 1335 3062 adime'rent3
1380 2969 1441 3047 sed

219 3145 221 3150 -
333 3168 336 3174 ,
366 3086 455 3166 huic
479 3081 572 3160 Viro
590 3085 675 3172 oris,
702 3081 851 3168 uultus,
881 3084 981 3161 vocis
999 3083 1121 3164 aderat
1138 3085 1282 3157 veritas·
1308 3081 1439 3160 Verbo

296 3248 300 3260 ,
344 3196 632 3278 'tantumhaec
651 3196 792 3288 uobis,
843 3193 985 3286 Patres,
1034 3199 1073 3270 in
1107 3198 1324 3271 memoriam
1356 3197 1437 3272 sunt

266 3363 268 3370 -
365 3311 584 3393 reuocanda.
644 3307 794 3400 Quotus
815 3313 913 3385 enim
935 3310 1269 3408 quisquevestrum
1290 3311 1360 3401 eil„
1374 3313 1441 3412 qui

309 3415 317 3423 ⁸
362 3450 443 3516 ,non
463 3422 729 3515 Mvuenuusio
752 3421 926 3510 salutato,
955 3423 1090 3499 etiamfi
1107 3423 1168 3524 spe
1187 3447 1229 3500 ac
1257 3439 1352 3502 voto
1378 3449 1444 3502 ex·

365 3534 536 3624 siderat,
552 3535 674 3612 hilaris
693 3530 903 3624 discesserit,
932 3537 1185 3630 incredibilem
1216 3539 1294 3612 eius
1319 3543 1442 3616 comi·

314 3701 317 3712 ·
364 3667 477 3730 tatem
492 3646 783 3759 praedicanerit?
819 3663 883 3734 aut
910 3653 976 3751 qui
1003 3675 1081 3730 non
1107 3651 1245 3728 litteras
1272 3650 1441 3730 summae

240 3827 248 3854 ,
362 3766 617 3854 humanitatis,
646 3764 902 3860 benignitatis,
931 3767 1065 3840 amoris
1085 3763 1212 3863 plenas
1233 3768 1273 3856 in
1294 3764 1442 3844 scriniis

362 3881 432 3960 suis
456 3875 596 3993 seruet?
636 3893 770 3975 quanta
801 3877 864 3952 illa
890 3879 938 3958 ad
964 3879 1077 3954 seram
1109 3877 1333 3974 senetiutem
1355 3881 1441 3984 seli·

260 4055 262 4068 .
361 3996 478 4073 citatis
504 3993 643 4070 nostrae
668 3990 927 4068 monumenta!

376 4097 409 4172 .’·
475 4105 572 4184 Cum
608 4119 731 4180 autem
764 4107 804 4188 in
830 4106 1039 4185 academica
1074 4106 1241 4205 inprimis
1273 4105 1439 4184 admini-

232 4297 235 4308 ,
358 4223 549 4332 stratione,
567 4275 572 4286 -
591 4220 724 4320 paruis·
743 4210 817 4296 sere
847 4241 893 4294 ex
922 4221 1031 4299 rebus
1060 4244 1116 4298 res
1145 4244 1297 4323 magnas
1328 4239 1436 4322 aptas

1364 4333 1437 4414 else
