3292 5134
392 526 440 605 14
775 497 1286 558 m

246 785 251 799 1
384 687 463 773 Ν11ι
488 692 586 768 enim
619 691 657 767 in
686 688 796 769 rebus
826 687 955 772 nostris
982 688 1138 779 nimium
1164 687 1312 793 placete.
1338 692 1447 773 nobis

384 804 579 894 volumus,
637 806 919 918 cuncedendunt
943 805 981 883 id
1004 808 1053 883 est
1077 809 1352 907 antiquitatiet
1379 808 1448 883 lar-

384 923 581 1022 giendum,
612 920 740 997 adres
766 920 926 1019 agendas
951 936 988 995 nt
1014 920 1107 997 bene
1131 920 1309 1020 gerendas
1327 924 1450 1016 'vitam

382 1036 577 1139 publicam.
592 1034 852 1137 priuatamque,
864 1033 997 1111 melius
1019 1036 1117 1134 apud
1134 1034 1248 1135 ipsam
1270 1032 1376 1125 fuisse
1393 1040 1448 1113 in-

383 1155 561 1230 stitutam.
593 1147 783 1225 sanctiores
806 1164 950 1238 mores,
990 1149 1183 1229 rediment
1207 1146 1447 1251 disciplinam,

210 1250 213 1262 ⁸
250 1346 254 1349 ,
294 1331 315 1373 ⁸.
372 1248 420 1345 ¹iu
435 1263 509 1341 illia
527 1265 737 1342 ciuitatibus
754 1256 926 1360 viguisse3
953 1284 1043 1354 non,
1069 1262 1170 1363 quasa
1190 1286 1237 1341 ex
1256 1268 1299 1341 iis
1318 1282 1450 1345 omnes

265 1399 268 1425 ¹
335 1449 338 1452 ,
383 1367 612 1494 corruptelae
627 1378 880 1469 exulauerint3
897 1388 1039 1455 'varum
1061 1377 1212 1459 salrabris
1232 1374 1450 1479 aliquasen-

341 1560 343 1566 ,
370 1494 516 1582 neam,
547 1490 719 1587 uiuendi,
748 1512 881 1590 tesqua
897 1494 1049 1589 gerendi
1066 1496 1160 1573 tatio
1179 1513 1227 1571 eir
1237 1494 1315 1592 ipsa
1332 1494 1449 1571 nutri-

258 1641 266 1649 ·
381 1614 484 1687 tione
514 1609 682 1706 vitaeque
702 1605 882 1705 exemplis
897 1620 1068 1705 accepta,
1098 1606 1450 1707 multomagistum

381 1747 449 1826 per
464 1718 601 1819 uulgus
622 1734 698 1797 erat
718 1721 851 1819 sparsa3
888 1721 1139 1819 generosiores
1161 1722 1301 1811 sensus,
1332 1723 1447 1799 studia

244 1825 251 1846 ⁸
379 1854 419 1915 et
441 1835 589 1916 consilia
612 1833 762 1913 honesta
777 1835 874 1913 inter
894 1835 1016 1933 plures
1038 1835 1315 1939 reperiebantur
1323 1856 1335 1931 3
1377 1858 1448 1913 nec

241 2024 246 2028 .
380 1975 452 2055 pto
479 1974 553 2027 uno
592 1951 675 2052 ciue
704 1949 832 2047 paullo
858 1949 1054 2027 -liberalius
1096 1949 1264 2029 instituto
1296 1952 1446 2027 ducenti

342 2155 346 2171 ,
382 2079 485 2147 erant
509 2064 750 2153 numerandi,
789 2062 874 2163 qni,
906 2060 970 2142 vix
988 2060 1072 2163 ipsis
1095 2064 1330 2145 humanitatis
1349 2066 1447 2141 rudi-

379 2182 513 2258 mentis
547 2177 704 2267 exculti,
747 2186 786 2258 et
820 2176 983 2279 egestatis
1014 2174 1189 2259 sordibus‘
1213 2176 1340 2269 obsiti,
1385 2192 1447 2255 aut
1475 2252 1476 2275 ,

225 2350 229 2359 1
317 2286 320 2293 ’
349 2289 526 2394 ‘liupore
543 2291 656 2371 essent
670 2291 781 2370 defixi
804 2307 961 2371 autnon
980 2288 1045 2371 nifi
1062 2292 1265 2373 humilibus
1282 2290 1446 2369 atsotdi·

332 2413 334 2417 ’
379 2408 549 2485 discutis
567 2403 734 2504 oppressi.
808 2403 993 2486 Nondum
1015 2409 1195 2485 inuaserat
1217 2410 1331 2488 ,vitam
1350 2404 1446 2499 mul-

185 2609 190 2619 ·
261 2537 264 2542 “
379 2522 498 2622 tiplex
517 2516 591 2602 hoc
615 2514 911 2619 corruptelarum
935 2539 1078 2617 genus3
1120 2540 1189 2596 nec
1205 2518 1314 2599 stalla
1343 2534 1447 2598 erant

380 2631 538 2735 corpora
565 2624 753 2733 animique
780 2629 850 2709 hae
870 2629 1023 2720 desidia,
1053 2628 1122 2711 hac
1140 2632 1320 2725 mollitie,
1350 2656 1463 2735 quae-

280 2760 285 2767 ’
379 2752 564 2838 malorum
588 2748 793 2841 colluuiem
810 2748 852 2825 in
869 2766 938 2825 nos
961 2746 1166 2839 deriuauit,
1189 2747 1242 2825 ad
1257 2774 1298 2828 ea
1323 2764 1447 2827 autern

272 2901 275 2908 ¹
315 2932 328 2951 ,
379 2863 596 2968 perferenda
621 2862 878 2941 fortitudinem
900 2884 941 2939 ac
963 2861 1078 2943 robur
1103 2859 1249 2943 ademit.
1316 2856 1362 2943 In
1383 2860 1448 2941 illa

378 2983 474 3057 uitae
510 2979 719 3067 seueritate,
769 2996 1043 3083 nonuunquam
1080 2979 1190 3056 etiam
1230 2974 1445 3069 austeritate,

379 3093 609 3195 fimplicitate
632 3116 675 3176 ac
691 3088 913 3189 frugalitate,
940 3104 978 3167 et
992 3089 1102 3169 rebus
1118 3088 1271 3192 agendis
1288 3104 1325 3171 et
1339 3090 1446 3171 malis

379 3207 539 3285 serendis
556 3208 659 3309 paria·
675 3202 885 3305 idoneaque
912 3215 1016 3283 erant
1038 3226 1202 3308 torrium⁴
1263 3203 1446 3288 Nondum

377 3321 586 3400 umbratilia
614 3318 729 3399 studia
760 3332 798 3395 et
823 3318 1028 3399 otiosorum
1055 3320 1257 3401 hommum
1281 3324 1446 3424 argutiae

258 3511 264 3528 ,
378 3438 518 3515 ciuium
534 3438 574 3518 iu
584 3436 619 3511 se
635 3436 940 3513 existimationem
958 3434 1163 3535 etglotiam
1178 3436 1445 3526 deriuauarant,

378 3574 502 3652 neque
521 3550 654 3627 animis
678 3570 720 3624 ea
735 3547 836 3647 labes
857 3546 1052 3641 insidebat,
1084 3573 1178 3651 quae
1197 3548 1372 3653 deinceps
1398 3572 1445 3627 ex

377 3664 575 3743 monastiea
596 3658 786 3763 disciplina
804 3662 1022 3745 'multorum
1055 3669 1242 3749 mentibus
1274 3664 1445 3752 adhaesit,

272 3833 276 3842 -
377 3776 477 3881 posse
493 3778 656 3877 aliquam
670 3774 739 3855 esse
755 3778 907 3859 laudem
922 3780 1077 3885 virtutis,
1094 3802 1202 3881 quae
1218 3779 1329 3874 nullis
1345 3778 1445 3859 sadis

378 3894 583 3971 declaratam
612 3914 734 3993 neque
764 3894 884 3976 allum
913 3896 959 3971 ad
994 3894 1084 3971 alios
1109 3895 1241 3973 habeat
1271 3893 1441 3999 frustum.

235 4088 239 4099 ,
379 4007 487 4101 Quae
506 4010 631 4085 onmia
654 4011 771 4099 bona,
802 4010 938 4109 quibus
965 4007 1232 4118 cugnoscendis
1252 4004 1310 4105 vel
1333 4010 1443 4099 unius

377 4118 565 4201 Plutarchi
588 4122 696 4201 letiio
712 4118 862 4213 sufficit,
890 4146 936 4201 ex
953 4120 1024 4205 suis
1041 4120 1187 4221 legibus
1207 4136 1244 4205 et
1258 4123 1443 4213 institutis,

378 4234 639 4342 diibiplinaque
663 4238 818 4337 publiea
836 4240 1073 4339 priuataque,
1109 4239 1153 4317 iis
1181 4236 1445 4442 11311υῆ1ξ3ὲ
