3292 5134
978 423 982 432 ι

431 480 433 489 ι
593 491 598 508 Ι
878 477 881 489 ι
988 473 991 481 “

721 590 725 595 ν
763 588 765 597 ι
787 585 792 592 ‘
805 591 809 596 ι

1192 556 1276 642 1279
1391 595 1399 611 ι

194 703 370 792 ferebat,
405 706 639 810 caerimonia
667 719 792 782 tamen
823 705 899 782 hac
926 684 1122 806 religiosa,
1165 718 1309 805 quani‘
1358 803 1359 808 .

200 842 310 896 nunc
326 817 546 921 iqdicimm,
587 833 763 920 tanquam
782 824 977 924 parasceue,
1019 821 1277 926 praeludanrus
1305 846 1318 869 ι

199 933 436 1012 sollennibus
463 933 579 1009 futuri
594 937 701 1024 anni,
730 937 849 1012 etrite
866 935 1055 1040 operando
1074 936 1180 1012 sacris
1200 943 1277 1012 ma-

202 1064 292 1124 ture
315 1060 592 1161 componamus·
610 1052 752 1143 animos
778 1049 826 1126 ad
850 1049 1063 1149 religiosum
1095 1048 1276 1138 habiturn,
1295 1057 1297 1064 ’

206 1185 287 1260 quo
305 1185 485 1259 magnum
499 1162 595 1239 illud
611 1162 877 1264 semisaeculare
893 1164 1069 1254 sollenne,
1079 1175 1280 1263 quotquot

205 1275 375 1353 nostrum
391 1274 647 1375 superenmus
665 1258 1025 1358 fimuscelebrat'uri.
1084 1276 1275 1375 Religioso
1321 1285 1349 1335 ‚¹
1391 1312 1393 1316 ·
1491 1311 1492 1316 ι

202 1393 281 1466 ritu
312 1390 455 1468 sacrum
477 1390 589 1478 huius
623 1395 710 1468 anni
718 1406 840 1506 tanto
861 1397 979 1490 magis
1011 1394 1275 1492 continebitur,

204 1506 342 1605 quoin
361 1471 458 1580 dienl
480 1506 710 1585 dominicum
728 1507 821 1582 illud
841 1507 988 1600 incid';t
1018 1486 1188 1604 adeoque
1204 1529 1274 1604 pro
1295 1533 1298 1539 ·

206 1620 374 1695 oratione
408 1618 580 1698 sollenni
592 1644 648 1695 ex
678 1645 810 1700 more
817 1621 1004 1698 recitanda
1036 1621 1277 1701 habebitura
1345 1677 1354 1696 .
1427 1609 1444 1687 ὲ

202 1729 297 1808 Viro
318 1733 521 1832 plurimum
539 1732 780 1824 Reuerendo,
812 1705 1044 1834 Theologiae
1059 1732 1274 1824 professore,
1335 1737 1337 1742 ’
1431 1804 1435 1812 .

200 1840 661 1938 Haun.Pnrr.Sexaron,
679 1850 894 1949 ad‘scoetum
915 1849 1082 1949 religiose
1104 1848 1272 1948 potitum

189 1984 221 2038 .e
244 1961 417 2060 suggestu
440 1963 569 2062 templi
596 1963 856 2062 letn10,2quo
883 1968 1070 2063 erigantur
1089 1965 1202 2058 animi
1228 1961 1275 2038 ad

195 2077 301 2181 piam
328 2061 640 2154 recordationem
661 2077 944 2163 beneficiorum,
989 2101 1087 2176 quae
1112 2079 1152 2150 in
1176 2053 1272 2150 hanc
1317 2065 1318 2071 ¹
1347 2061 1362 2073 '¹

195 2215 315 2290 remp.
332 2190 544 2267 litterariam
572 2215 638 2292 per
655 2191 765 2267 huius
780 2194 868 2266 anni
896 2188 1087 2291 decursum
1111 2161 1274 2275 deriuata

196 2304 328 2383 fuere.
385 2288 474 2384 Est
463 2329 503 2380 ιιι
521 2304 578 2382 his
596 2307 836 2404 praecipuum
854 2303 974 2394 illud,
990 2302 1110 2402 quod
1133 2299 1274 2378 quen-

194 2421 288 2497 tutis
304 2421 501 2520 principes,
526 2417 794 2496 clementillrmi
813 2418 926 2495 nostri
941 2414 1071 2516 Regis
1070 2428 1142 2492 tres
1160 2403 1272 2506 filios,
1315 2482 1319 2491 .

193 2536 344 2612 nostrae
364 2535 684 2622 curaretmditos,¹
681 2535 742 2610 in
759 2531 885 2610 medio
909 2533 1080 2608 nostrum
1105 2529 1274 2620 videmus
1379 2579 1381 2583 -
1460 2593 1472 2610 .

193 2648 245 2726 ad
262 2647 487 2747 praeclaram
509 2648 609 2749 spein
632 2645 849 2725 adolescere.
909 2645 993 2725 Nec
1022 2645 1172 2722 deluere
1190 2644 1275 2719 reli-

190 2785 274 2862 qua
294 2763 414 2852 bona,
445 2764 581 2867 quibus
609 2761 878 2840 academiarum
896 2759 1049 2837 felicitas
1068 2773 1133 2835 aut
1155 2759 1275 2834 conti-

196 2895 312 2956 netur
336 2891 400 2954 aut
416 2877 600 2955 censetur:
631 2875 744 2953 inhia
761 2860 972 2974 frequentia
988 2875 1138 2958 ciuium,
1170 2869 1275 2946 disci-

198 2993 305 3096 plina
321 2991 530 3087 academica
556 2994 734 3088 integra,-
761 2988 986 3066 docentium
1003 2999 1039 3060 et
1055 2983 1276 3071 discentium
1329 2987 1330 2994 '

195 3108 382 3196 studium,
411 3105 603 3181 contentio
624 3117 662 3177 et
677 3102 796 3178 ardor.
857 3097 886 3179 E
908 3101 1033 3176 nostro
1049 3093 1270 3176 Profellorio

193 3222 334 3302 ordine
356 3241 469 3296 nemo
488 3241 553 3317 per
564 3217 687 3306 hunc
684 3236 836 3292 anumn
857 3237 1055 3290 numerum
1070 3191 1268 3289 imminuit.
1286 3246 1292 3258 ·

199 3337 258 3416 Ad
283 3350 370 3415 vota
393 3333 545 3434 ltaque
549 3332 706 3408 numini
716 3325 779 3408 Ο.
784 3327 841 3408 M
871 3329 933 3430 pia
962 3341 999 3404 et
1021 3340 1126 3426 grata
1146 3340 1271 3416 rnente

197 3449 465 3552 persoluenda,
508 3443 638 3534 Ciues,
683 3443 867 3544 ternplum
899 3433 1166 3521 academicum
1180 3444 1273 3518 hora

197 3566 322 3643 solita
332 3563 423 3647 caste
448 3563 582 3664 pieque
610 3557 740 3646 adite,
762 3574 820 3645 et,
848 3581 943 3658 quae
971 3555 1114 3662 pietatis
1137 3553 1272 3646 vestrae
1323 3549 1325 3554 ‘

196 3679 259 3758 seu
278 3676 494 3776 excitandae
510 3675 571 3769 seu
588 3661 738 3775 alendae
761 3685 797 3748 et
812 3670 997 3750 fouendae
1012 3655 1127 3746 caulia
1147 3659 1273 3745 dic'en·
1363 3679 1365 3683 ·

192 3809 271 3882 tur,
301 3796 356 3868 ita
368 3770 503 3878 audite,
521 3805 562 3866 vt
580 3787 626 3866 ad
642 3789 785 3867 animoa
803 3786 939 3862 vestros
958 3807 1000 3860 ea
1018 3785 1092 3860 tim
1109 3775 1271 3862 habuille

191 3907 359 4006 intelligi
384 3902 502 4008 pollrt.

313 4123 396 4204 Nos
411 4086 549 4226 interea
567 4145 719 4223 agamur
740 4119 813 4209 id
844 4116 949 4218 quod
973 4141 1056 4196 rnos
1075 4127 1122 4191 et
1129 4111 1271 4190 institu-
1298 4195 1320 4216 „

193 4253 281 4321 tum
306 4241 397 4339 reip.
424 4241 566 4317 nostrae
597 4208 824 4315 academicae
858 4235 967 4358 nobis
999 4231 1183 4330 imponit,
1229 4239 1277 4304 rt<

701 4336 839 4447 ὃΓ
915 4458 918 4468 Ι
1096 4340 1356 4443 proluda-¹
1373 4441 1377 4458 ἣ
1491 4411 1492 4420 .
