3292 5134
331 491 580 579 Ἤρ
752 469 1152 533 a.

258 750 267 759 ,
364 652 750 767 Redeuntibusnunc,
781 658 904 753 Ciues,
935 664 1039 741 sacris
1054 656 1268 739 Academiae
1288 660 1433 737 nostrae

279 828 283 838 ·
362 776 651 867 .enniuersariis,-
679 779 883 876 exactoque
914 777 1007 855 adeo
1036 780 1169 855 iterum
1197 794 1322 861 anno‚'
1365 778 1429 873 qui

308 920 312 935 ·
362 882 471 971 sarcreK
486 892 573 968 huic
590 890 948 1000 computoaecedit‚
979 894 1035 981 (et
1057 892 1193 966 vtinam
1217 892 1257 965 in
1275 891 1432 965 immen-

259 1038 285 1102 χ
353 1005 441 1085 'sam
459 1030 643 1087 annorum
668 1008 852 1082 summam
867 1003 1067 1106 excrescat!
1083 1010 1113 1096 )‘
1131 1003 1155 1081 fi
1173 1003 1265 1079 nihil
1283 1026 1355 1081 nec
1371 1003 1430 1077 ad

366 1119 523 1199 modum
537 1121 675 1198 laetum
690 1144 759 1209 nec
773 1118 976 1197 admodum
993 1118 1101 1206 triste,
1132 1118 1236 1217 ¹quod
1255 1119 1429 1201 euenerit.

367 1258 573 1312 memorare
596 1231 802 1333 pollemus,
822 1318 832 1336 ,
849 1233 1025 1313 habemus
1050 1236 1089 1309 in
1116 1256 1161 1307 eo
1186 1230 1287 1331 iplo,
1328 1230 1430 1332 quod

368 1348 416 1425 de
439 1372 513 1450 rep.
533 1348 628 1425 salua
641 1355 693 1425 'et
709 1348 912 1436 incolumi}
949 1370 1153 1445 rerumque
1170 1346 1261 1423 statu
1286 1346 1428 1443 integro

369 1474 408 1538 et
426 1463 567 1560 stabili.
600 1463 772 1561 gratulari
795 1460 967 1561 pollimus
985 1486 996 1555 3
1030 1464 1282 1562 'quanquam
1310 1460 1350 1533 in
1366 1460 1430 1535 hae

369 1571 703 1677 ipsaxaequabiliter
725 1566 896 1676 prospera
926 1578 1095 1665 fortuna,
1140 1561 1254 1651 multa
1285 1572 1431 1673 publice

369 1689 464 1769 laeta
489 1706 525 1765 et
549 1690 705 1771 secunda
738 1693 994 1789 contigerunt,
1043 1682 1139 1768 cum
1154 1688 1430 1765 beneuolentiae

233 1877 238 1887 ,
359 1800 484 1899 Regis
506 1801 651 1903 Optimi
671 1826 756 1901 erga
780 1828 848 1907 nos
872 1817 928 1879 tot
946 1816 1094 1902 tamque
1111 1803 1309 1901 praeclaras
1326 1800 1432 1901 figni-

361 1913 576 1999 ficationes.
622 1939 730 1993 curae
756 1933 879 1993 autem
907 1940 949 1993 ac
972 1918 1107 1994 tutelae
1122 1916 1292 1995 ‘Parentis
1317 1915 1432 1991 'nostri

258 2074 263 2083 x
362 2033 598 2122 communis,
632 2029 890 2120 Munchhufil,
929 2030 1127 2129 tamplena
1151 2030 1298 2107 affetlus
1322 2026 1430 2128 ligna,
1464 2067 1466 2137 }

185 2160 193 2178 '
296 2221 309 2251 ἣ
368 2151 412 2222 'ac
436 2143 561 2244 potius
583 2131 846 2235 monumenta,
888 2168 1103 2221 enumerare
1128 2148 1166 2220 in
1197 2156 1348 2243 promtu
1374 2141 1430 2237 llt;

369 2280 489 2357 nuper
506 2260 656 2358 quidem
676 2254 783 2336 etiam
801 2260 894 2346 hoc‚'
917 2258 1020 2357 quod
1036 2256 1147 2357 Regis
1165 2254 1311 2358 Optimi
1326 2256 1430 2332 frater
1467 2248 1468 2251 '

339 2392 342 2404 ·
368 2372 637 2450 amantiffimus.
669 2372 830 2449 Serenill
845 2371 938 2451 Dux
954 2370 1194 2463 Glocestriae‚
1226 2395 1282 2449 res
1299 2372 1431 2446 nostras
1470 2414 1471 2423 κ

370 2486 547 2583 inspicere
570 2510 649 2559 non
673 2487 722 2560 est
746 2477 977 2583 dedignatus
1036 2484 1143 2581 Quae
1170 2509 1255 2562 cum
1278 2488 1329 2561 ita
1353 2482 1431 2570 sint,

246 2699 249 2703 Δ
370 2597 550 2673 habemus
565 2599 703 2696 vtique,
734 2600 838 2697 quod
855 2599 1031 2675 sollennia
1042 2590 1289 2677 'anniuersaria
1304 2613 1341 2675 et
1356 2598 1434 2697 sup-

371 2711 591 2813 plicationes
618 2710 784 2810 publicas
808 2716 846 2788 in
869 2738 897 2789 a.
917 2713 949 2789 d.
972 2710 1099 2793 XVII.
1109 2714 1207 2816 Sept.
1240 2737 1261 2790 e
1283 2696 1432 2791 Senatus

333 2888 336 2893 .
368 2825 571 2903 academici
598 2827 766 2916 decreto,
800 2818 869 2903 rite
898 2828 1129 2923 indicamus'3
1186 2851 1347 2927 cumque
1374 2826 1434 2903 ille'

214 2935 218 2945 ’
309 2975 318 2985 ’
370 2940 516 3017 diesex
539 2940 662 3026 iisne,
705 2947 803 3039 quos
828 2945 1010 3019 maiorum
1028 2948 1118 3019 mos
1144 2956 1181 3019 et
1201 2944 1293 3020 ritus
1319 2934 1434 3018 cultui

370 3054 503 3133 diuino
525 3055 680 3155 publico
706 3056 951 3145 consecrauit,
968 3066 971 3073 ’
989 3056 1157 3135 ducetur«
1170 3057 1322 3156 quidem
1348 3079 1380 3131 a.
1398 3054 1432 3130 h.

371 3164 442 3246 IX.
472 3193 609 3268 pompa
627 3157 793 3246 exsmore
813 3174 853 3247 in
881 3171 1062 3271 templum
1077 3170 1344 3259 academicum,
1374 3167 1433 3245 led

372 3284 548 3359 orationis
571 3282 678 3370 loco,
714 3307 826 3381 quam
846 3286 979 3362 -haberi
1003 3308 1084 3361 mos
1115 3286 1185 3373 est,
1213 3282 1315 3360 'inter
1339 3282 1435 3363 sacra

370 3387 802 3495 publicartVir'Summe
826 3397 1085 3491 Repetendus,
1131 3386 1285 3499 Collega
1314 3398 1435 3475 noller

369 3509 697 3599 coniunoiffimun
731 3504 780 3591 G.
801 3502 1083 3595 [Zachariae
1106 3510 1179 3601 D·‚
1207 3516 1272 3614 qui
1291 3512 1358 3619 illo
1378 3511 1433 3587 die
1471 3590 1472 3593 ,

369 3624 482 3699 uerba
499 3625 702 3723 eluggellu
725 3625 836 3703 faciet
859 3628 902 3703 ad
925 3630 1024 3725 piam
1045 3630 1292 3715 concionem,
1312 3648 1437 3724 expo·

368 3735 443 3850 liris
465 3760 534 3836 pro
553 3738 656 3814 solita
671 3731 839 3819 facundia
859 3746 998 3832 ceteris,
1028 3766 1121 3843 quae
1135 3742 1277 3844 pietatis
1295 3734 1436 3817 sensum

330 3905 335 3918 i
367 3852 554 3929 inanimis
582 3858 739 3931 excitare
759 3856 911 3955 pofflnt,
940 3856 1010 3933 deo
1034 3869 1117 3954 aget
1140 3854 1339 3934 immortali
1358 3878 1439 3955 gra·

367 3968 435 4042 tias
448 3984 492 4045 'ac
518 3982 602 4072 vota
622 3967 769 4065 publica
793 3970 985 4070 persoluct.
1042 3968 1126 4051 =Vos
1144 3972 1273 4069 igitur,
1300 3964 1438 4049 quen·

368 4083 457 4159 turis
480 4080 745 4161 florentiffimae
768 4082 973 4185 Principes,
1005 4081 1169 4163 Comites
1196 4080 1437 4170 Illustriffimi,

367 4200 563 4299 ceterique,
583 4193 694 4277 Ciues
719 4193 873 4297 genere,
912 4190 1090 4299 ingeniis,
1124 4202 1289 4279 moribus
1315 4196 1439 4273 Nobi-

662 4337 665 4345 ’
1242 4354 1245 4361 ⁴
1301 4308 1436 4401 liffimi,
