3292 5134
593 520 924 583 a·
1219 558 1263 639 ¹3

366 702 562 787 GEORG.
619 700 775 783 HENR.
834 700 1001 787 AYRER
1058 703 1108 787 D.
1159 728 1184 787 .“

207 828 310 903 cuius
345 823 500 921 quidem
526 823 632 898 omni
659 821 888 897 humanitate
921 823 1169 923 expolitiffimi
1203 830 1273 907 titi
1325 910 1328 917 Δ

207 942 385 1037 dignitate
412 951 452 1011 et
474 936 684 1013 autloritate
705 956 785 1013 non
811 940 954 1021 minus.
993 960 1107 1037 quant
1137 942 1273 1019 vestrae

208 1054 345 1140 laudis,
381 1073 460 1148 quo
481 1064 658 1149 perpetua
674 1048 739 1126 illa
752 1048 825 1138 =fit,-
857 1054 1068 1128 retinendae
1092 1076 1217 1133 amore
1237 1071 1275 1134 et

206 1168 324 1269 studio
341 1165 540 1241 addutlunr
555 1187 622 1241 uos
636 1166 681 1239 iri
698 1163 894 1263 speramus,
925 1180 965 1241 vt
979 1165 1106 1243 sedulo
1126 1174 1273 1263 curetis,

210 1306 286 1382 quo
304 1304 365 1368 ea,
401 1303 476 1378 qua
498 1301 598 1355 nunc
612 1280 879 1369 cum-maxime
897 1268 1046 1371 floretis,
1083 1282 1177 1361 bene
1192 1310 1276 1366 mo.

209 1414 304 1473 ratae
331 1392 653 1493 praeclarequeet
677 1394 803 1467 animo
819 1407 858 1469 et
881 1395 954 1471 vita
979 1398 1195 1497 constitutae
1219 1404 1277 1477 iu·

209 1513 369 1586 tentatis
385 1508 467 1584 laus
481 1509 624 1607 integra
639 1507 746 1612 vobis
762 1508 925 1585 seruetur
936 1525 973 1585 et
986 1510 1135 1589 illibata.
1196 1514 1279 1593 Sol-

210 1625 352 1711 lennia,
387 1621 586 1720 inquibus
612 1644 718 1728 more
739 1621 849 1699 solito
872 1618 1092 1705 Pruretlotis
1106 1625 1280 1727 dignitas·

212 1754 247 1815 et
275 1736 433 1835 inlignia
454 1735 919 1835 publicetraneferuntur,
955 1738 1191 1819 habebuntur
1218 1744 1279 1823 die

212 1844 401 1953 lll.Julii·‚
427 1848 519 1927 hora
532 1846 585 1927 X.
610 1852 748 1949 quibus
775 1867 815 1926 vt
834 1853 1039 1953 frequentia
1055 1860 1282 1937 vestracelea

211 1969 383 2043 britatetn
403 1966 538 2040 addere
558 1988 705 2063 nosque
718 1965 759 2040 in
778 1962 987 2065 suggestum
1007 1970 1213 2051 escensurus
1229 1988 1278 2063 et,

212 2104 305 2179 quae
321 2080 711 2188 diuina'prouidentia
733 2081 844 2156 etiam
861 2104 926 2179 per
948 2081 1023 2161 hoc
1047 2086 1212 2166 semestre
1237 2092 1278 2163 in
1342 2104 1345 2113 ’

213 2220 278 2270 nos
296 2191 526 2275 cumulant,
557 2192 733 2270 beneficia
749 2210 979 2273 enarraturos
1007 2201 1190 2276 beneuole
1215 2224 1280 2279 au-

214 2308 441 2394 direnelitis,
469 2304 509 2381 id
519 2329 607 2383 vero
622 2310 683 2393 eli,
709 2308 813 2405 quod
832 2305 1093 2390 humanillnnis
1108 2316 1281 2413 precibus

216 2425 379 2499 nostrisa
399 2418 506 2531 vobit
527 2422 799 2522 contendimus.

325 2656 502 2731 Ceterum
527 2665 568 2727 vt
582 2651 679 2729 mori
702 2648 946 2750 institutoque
973 2650 1193 2731 Academiae
1212 2676 1287 2734 nu·

212 2767 300 2845 strae
325 2792 537 2867 pareamus,
580 2791 659 2866 quo
689 2765 784 2841 nihil
812 2789 860 2840 ne
885 2763 1109 2867 sollennium
1131 2770 1283 2869 quidem

212 2887 419 2959 verborum
436 2883 665 2980 concipitur,
694 2882 790 2979 quin
807 2878 990 2955 adiettum
1004 2875 1047 2955 fit
1062 2881 1203 2980 aliquid
1223 2884 1284 2975 vei

214 2995 468 3083 cuniuntlum,
496 2994 600 3093 quod
614 2994 689 3075 siue
706 2995 896 3071 honestam
911 2993 1140 3094 voluptatem
1157 2995 1288 3074 afferre

213 3110 286 3187 fiue
303 3110 502 3185 utilitatem
517 3110 678 3208 aliquam
705 3110 752 3184 ad
765 3114 909 3185 animus
930 3112 1064 3191 vestros
1075 3106 1089 3198 ,’
1119 3108 1291 3195 Commi-1
1390 3156 1392 3173 ι

214 3223 372 3313 litones,
398 3224 535 3299 habere
552 3223 680 3321 polilt,
718 3222 1027 3321 disputatiuncula
1054 3225 1162 3301 breui
1185 3224 1316 3321 Leges*

217 3340 335 3413 Locris
354 3366 381 3414 n
395 3337 701 3441 Zuimeu‘scriptds
715 3338 986 3415 illustrabimur.
1038 3338 1166 3433 Quod
1186 3362 1290 3417 com·¹

215 3453 454 3539 ntentatiouis
478 3476 597 3551 genus
625 3451 776 3529 fivobis
791 3476 870 3551 non
896 3454 1001 3530 omni
1024 3453 1144 3530 frutiu
1167 3478 1288 3532 carere
1329 3480 1333 3491 ·
1372 3487 1376 3496 =

215 3570 426 3655 videbitur,
466 3568 618 3644 aliarum
643 3567 816 3666 deinceps
848 3590 895 3641 ex
922 3568 1140 3666 antiquitate
1162 3572 1290 3645 ciuita-
1397 3642 1402 3669 Ι

220 3695 308 3770 tum,
334 3681 499 3783 Magnae
516 3682 640 3757 saltem
669 3677 845 3759 Graeciae
866 3704 908 3756 ac
924 3680 1088 3772 Siciliae,
1127 3683 1290 3759 instituta

222 3812 256 3869 et
268 3799 392 3895 leges,
420 3818 576 3893 quarum
592 3796 745 3895 quidem
764 3798 943 3877 memoria
958 3796 1005 3873 ad
1020 3819 1090 3872 nos
1103 3800 1296 3897 peruenit,-

218 3914 296 4007 pari
318 3934 410 3987 cura
429 3922 466 3985 et
482 3913 624 4007 ratione
639 3909 919 4005 recenlebimus.
1008 3906 1138 3987 Nolite
1166 3923 1291 3990 autent

218 4026 405 4112 arbitrari,
444 4024 748 4112 commilitones,
784 4020 853 4098 elle
881 4047 958 4101 eam
983 4048 1061 4101 rent
1091 4027 1244 4106 alienam
1262 4025 1300 4101 'ai

158 4213 159 4220 a
217 4139 342 4216 studiis
373 4138 506 4214 nostris
536 4140 799 4215 communibus
816 4162 828 4231 3
886 4162 957 4214 nec
981 4138 1048 4237 nist
1073 4138 1119 4215 ad
1151 4139 1290 4215 luriunt

219 4266 365 4334 tantuin
389 4252 450 4329 vel
465 4253 690 4354 antiquitatis
707 4252 895 4331 scientiam
913 4252 1076 4353 spectare.
1137 4250 1291 4329 Veteres

1078 4454 1081 4461 ι
1145 4370 1289 4455 ⁴ctrina,

158 4659 159 4710 l
216 4714 219 4721 .
