3292 5134
652 524 873 565 ''¹⁸¹¹''
1206 546 1258 645 ἰι

287 702 460 786 Scilicet
487 720 525 783 et
550 704 623 783 has
637 706 775 805 leges
763 712 804 781 ιιι
827 705 976 785 ciuitate
997 707 1042 785 ad
1069 711 1258 810 popularis

182 825 343 923 imperii
364 818 562 899 formulam
583 820 760 936 descripta
783 821 934 898 lanceas
957 820 1025 899 effe
1054 827 1256 924 tenendum

183 940 260 1029 est3
322 936 442 1034 qualis
466 937 610 1023 ciuitas,
641 938 694 1010 vti
721 959 875 1013 morum
891 918 1072 1037 sanititate
1099 962 1140 1017 ao
1158 942 1257 1017 casti-

183 1052 324 1139 monia
349 1047 633 1147 disciplinaeque
655 1048 846 1125 seueritate
873 1032 934 1127 vel
953 1053 1113 1135 maxime
1137 1057 1257 1133 conti.-

182 1180 321 1251 netur,
364 1164 428 1237 ita
455 1161 602 1259 legibus
631 1146 855 1255 sumtuariis,
912 1167 1031 1265 iisque
1055 1171 1257 1249 accuratius

182 1276 420 1377 perscriptis,
451 1297 573 1351 carere
590 1298 669 1352 non
698 1278 869 1376 potest
883 1274 959 1355 Etsi
978 1292 1099 1358 autem
1120 1282 1254 1383 inipso

182 1390 323 1489 legum
336 1391 468 1471 hatum
485 1403 707 1487 argumento
736 1390 919 1467 nonnulla
943 1390 1033 1483 lint,
1076 1417 1169 1493 quae
1199 1418 1257 1473 re-
1358 1416 1361 1423 ’

183 1500 374 1603 prehendi
391 1499 586 1601 possenna
607 1527 803 1603 negemus:
832 1508 872 1581 in
891 1520 1078 1607 eotamen
1092 1508 1255 1587 hominis

186 1640 352 1695 acumen
371 1616 480 1693 facile
501 1616 692 1715 agnoscas,
722 1618 823 1719 quod
847 1620 999 1697 honoris
1022 1635 1060 1698 et
1083 1622 1255 1701 infamiae

186 1731 309 1808 sensu
321 1731 426 1829 apud
451 1733 590 1807 ouium
614 1733 776 1811 suorum
790 1736 952 1825 animos,
980 1736 1025 1811 ad
1052 1740 1256 1837 reprimen-

189 1846 300 1921 dam
309 1844 502 1938 libidinem
536 1860 574 1921 et
601 1846 806 1933 luxuriem,
851 1851 968 1925 vnice
984 1848 1051 1949 fibi
1075 1850 1255 1945 utendum

186 1956 378 2036 effevidit
416 1940 577 2035 Frustra
599 1964 697 2036 enim
716 1960 815 2058 leges
835 1961 1055 2052 scribuntur,
1085 1964 1257 2045 multian-
1381 2014 1387 2021 -

187 2097 265 2173 que
298 2085 335 2146 et
378 2095 520 2203 poenae
545 2070 834 2205 proponuntur,
893 2075 1064 2153 simodo
1091 2080 1255 2207 proponi

187 2183 358 2287 pellunt,
382 2188 429 2266 *in
444 2210 525 2272 eos,
553 2190 619 2285 qui
642 2190 856 2287 incorpora
881 2188 996 2264 suaet
1015 2191 1111 2265 bona
1136 2192 1256 2265 autin

187 2300 275 2376 suos
296 2298 470 2399 suamque
502 2302 747 2397 posteritatem
767 2301 942 2398 flagitiose
964 2300 1136 2377 saeuiunt
1194 2299 1272 2379 Au·

192 2414 466 2497 existimationis
496 2414 615 2491 bonae
649 2413 840 2514 malaeque
867 2426 904 2489 et
930 2412 1048 2501 samue
1080 2412 1181 2491 sensu
1211 2440 1254 2491 ac

190 2519 329 2613 studio,
373 2526 447 2625 ipsa
484 2508 672 2627 disciplina
704 2528 852 2625 publica
878 2516 1093 2631 priuataque
1122 2532 1286 2619 animis,

188 2644 330 2753 ciuium
351 2640 504 2729 inietio,
542 2642 794 2741 quodcunque
819 2642 881 2719 hic
906 2642 966 2719 est
962 2642 1169 2743 praesentis
1199 2666 1255 2719 re

188 2756 313 2845 medii,
330 2754 532 2855 petendum
548 2754 606 2830 est.
665 2750 833 2853 Magno
822 2752 936 2853 igitur
953 2772 1119 2855 tempora
1132 2752 1254 2853 ndstra

189 2848 368 2971 praesidio
391 2869 436 2943 ad
467 2868 599 2964 'retiam
631 2866 857 2969 disciplinam
881 2883 1023 2956 carent,
1083 2844 1252 2967 quando·
1282 2880 1289 2887 ’

193 2983 342 3083 quidem
364 2981 540 3071 dedecus,
571 2982 750 3088 probrum
763 3006 805 3058 ac
820 2983 1030 3081 turpitudo,
1063 2980 1250 3079 aflagitio',
1350 3030 1353 3039 .

191 3097 346 3174 libidine
366 3090 412 3173 ac
427 3096 585 3185 scelere,
620 3096 665 3171 ad
688 3109 958 3195 paupertatem,
994 3097 1047 3171 rei
1064 3094 1251 3171 familiaris

189 3212 370 3309 angustias
400 3224 439 3297 et
474 3212 617 3307 generis
647 3209 918 3297 humilitatem,
954 3211 1151 3307 migrauit3
1209 3210 1259 3285 in'

189 3338 380 3408 contemtu
407 3323 549 3400 haberis
576 3337 727 3422 propter
751 3322 827 3399 loci
847 3317 884 3399 et
901 3322 1070 3405 fortunae
1096 3323 1252 3417 tenuita-
1316 3373 1320 3427 5

189 3452 263 3517 tem
287 3442 331 3515 in
360 3438 548 3535 erogando
563 3438 685 3512 sumtu
702 3437 750 3513 ad
762 3451 957 3513 externum
976 3440 1070 3511 vitae
1087 3436 1249 3528 cultum3

191 3566 318 3629 contra
340 3550 550 3629 austeritate
576 3548 684 3627 flores
709 3553 817 3629 etiam
842 3576 926 3627 cum
947 3552 1059 3625 animi
1082 3549 1248 3625 sordibus

192 3680 226 3741 et
241 3671 337 3743 inter
356 3668 451 3742 vitae
463 3664 609 3762 flagitia,
626 3648 742 3741 inodo
759 3685 894 3761 genere
914 3679 951 3740 et
964 3666 1100 3763 opibus
1116 3662 1246 3741 valeas.

296 3778 357 3856 Ad
373 3778 583 3876 disciplinae
607 3778 833 3856 seueritatem
855 3790 893 3852 et
909 3778 1149 3855 austeritatem
1169 3796 1250 3875 per·
1279 3846 1287 3857 .

189 3895 281 3969 tinet
305 3909 344 3969 et
369 3891 433 3968 illa
449 3885 604 3972 Zaleuci
625 3892 705 3979 leat,¹
732 3915 804 3991 qua
823 3871 1036 3967 ebrletatem
1056 3916 1075 3966 e
1099 3891 1248 3967 ciuitate
1354 3924 1380 3951 -.

186 4005 242 4087 sua
268 4006 506 4107 proscribere
521 3989 677 4099 voluisse
703 4004 856 4084 videtur
930 4002 1026 4081 Cum
1059 4005 1159 4079 enirn
1183 3998 1249 4076 alii

188 4118 447 4220 legumlatores
484 4118 647 4196 facinora
691 4133 836 4195 tantum
870 4138 889 4195 e
919 4120 1132 4195 temulentia
1166 4126 1249 4192 orta

185 4239 358 4333 puniant:
388 4233 464 4336 ipse
486 4230 865 4469 facinorumc'causlam
883 4232 1091 4333 praecidere
1102 4227 1251 4419 uoluit5

552 4368 555 4373 ·
753 4375 777 4424 2
1239 4367 1251 4417 ι
