3292 5134
1162 549 1240 624 327

184 707 229 762 ea
266 673 721 783 sumlltffilis’zlirteranasse
752 679 835 784 pare
861 677 1076 768 Academiae
1097 691 1243 784 abesset,

186 811 448 898 quaenaturae
473 800 597 897 copias
619 799 659 872 in
679 798 740 875 sua
766 818 906 896 genera
925 817 961 896 et
977 803 1098 882 classes
1131 809 1246 885 distri-

186 917 295 1003 butas
318 909 575 1013 speciminibus
601 925 638 986 et
665 913 934 1011 exemplaribus
970 919 1146 996 illustrat:
1206 944 1248 999 aa

187 1041 314 1121 autem
335 1024 370 1101 ii
405 1047 629 1112 careremus,
679 1027 860 1106 librorum
900 1045 1042 1108 tantum
1063 1050 1247 1134 'apparatu

188 1141 374 1228 contenti,
403 1141 520 1214 alteru
537 1138 660 1239 ³oculo
677 1156 782 1217 acute
801 1164 966 1234 cernere,
982 1147 1110 1226 ,altero
1121 1149 1251 1228 -sr—non
1346 1157 1349 1165 ’

190 1257 373 1331 caecutire
386 1251 511 1329 saltem
528 1254 684 1353 caligare
704 1269 744 1329 et
753 1255 887 1355 lippire
904 1259 1127 1339 videremur:
1154 1283 1249 1364 quae

192 1372 295 1450 enirn
309 1368 499 1469 disciplina
515 1383 666 1445 naturae
683 1375 898 1473 cognitione
913 1373 1117 1452 subtiliore
1115 1401 1251 1453 vacare

190 1484 327 1582 potest,
357 1497 394 1558 et
417 1497 540 1560 tamen
563 1482 746 1559 doslrinae
767 1499 954 1562 accuratae
971 1493 1123 1568 nomine
1140 1494 1250 1591 digua

190 1589 332 1674 uideri?
388 1588 510 1696 nuga·
514 1594 916 1717 Rugiqmunificentia·
927 1599 1084 1694 summa,
1113 1622 1149 1682 et
1163 1603 1252 1682 Col

190 1713 297 1811 legae
318 1711 454 1800 nullm,
485 1702 602 1794 llrtcml
616 1707 842 1821 Burrum,
876 1713 959 1791 Viri
979 1717 1177 1818 multiplici
1193 1743 1254 1796 ιι-

189 1830 323 1925 riaque
362 1824 524 1902 doctrina
554 1828 696 1914 ornati,
750 1825 990 1906 liberalitate
1003 1844 1040 1908 et
1072 1837 1254 1930 generoso
1359 1835 1379 1948 '¹
1472 1799 1475 1807 A

190 1940 408 2020 Academiae
422 1939 677 2039 publicaeque
692 1939 867 2017 utilitatis
879 1943 1026 2035 studio,
1060 1953 1252 2058 apparatus

189 2049 407 2132 Academiae
426 2055 514 2131 huic
537 2055 689 2153 obtigit,
712 2057 781 2154 qui
802 2079 892 2131 non
902 2059 1017 2134 modo
1033 2062 1253 2138 naturalium

190 2188 316 2245 rerum
336 2171 459 2268 copias
476 2168 748 2266 complectitur,
772 2190 915 2244 merum
928 2175 1035 2249 ιιιιιιι
1053 2195 1255 2292 numorunr

188 2281 396 2402 priscorum
421 2295 459 2358 et
472 2283 723 2358 recentiorum
744 2281 870 2356 diuite
874 2305 991 2412 penu,
1031 2299 1068 2360 et
1094 2311 1256 2390 gemma·

151 2484 152 2489 q
191 2421 277 2473 rum
306 2419 397 2495 gaza
415 2387 603 2499 locuplete
626 2395 795 2470 instruxit
818 2419 907 2472 nos:
933 2399 1039 2497 isque
1066 2419 1257 2502 apparatus
1374 2474 1377 2482 ,
1487 2419 1489 2429 ’

192 2515 243 2587 ιιι
270 2511 326 2588 ad
337 2522 479 2587 certum
499 2531 622 2585 rerunt
642 2508 814 2586 ordinem
838 2533 880 2586 ac
907 2503 1056 2612 systema
1080 2515 1257 2597 collectus

195 2626 245 2701 est
265 2639 304 2701 et
332 2624 509 2725 digestus,
549 2637 593 2700 vt
607 2625 779 2701 omnium
795 2614 975 2724 generum
998 2629 1168 2730 exempla
1188 2633 1258 2708 ad-

194 2739 265 2815 sint
288 2740 485 2816 luculenta.
544 2736 613 2818 His
635 2739 749 2837 igitur
772 2743 883 2816 nouis
912 2740 1031 2840 iisque
1058 2742 1257 2843 splendidis

180 2854 432 2945 incrementis
452 2855 493 2928 in
516 2849 751 2930 Academiam
770 2855 930 2930 nostram
948 2857 1259 2934 cumulatiszanni-

194 2967 396 3044 versarium
418 2967 490 3043 hoc
504 2966 672 3043 sollenne
700 2969 834 3043 merito
862 2971 957 3043 inter
971 2967 1257 3070 supplicationes

194 3095 235 3162 et
262 3082 527 3180 gratulationes
564 3083 712 3183 exigere
748 3079 936 3158 decretum
953 3083 1024 3158 fest.
1106 3081 1259 3164 Publice
1350 3143 1355 3151 -

191 3196 348 3298 quidem
368 3195 453 3273 illae
469 3194 703 3271 habebuntur
720 3192 761 3270 in
779 3195 922 3296 templo
940 3197 1149 3278 academico
1166 3201 1264 3277 inter
1344 3180 1356 3202 “’

191 3312 422 3389 lollennium
434 3333 561 3409 genus
580 3307 701 3398 aliud,
744 3310 885 3408 quod
873 3333 913 3388 ιιι
944 3311 1051 3388 bunc
1069 3313 1169 3390 diem
1191 3315 1262 3393 dis·
1377 3318 1384 3347 ‘¹

188 3427 292 3503 serre
309 3424 458 3533 placuit.
517 3421 800 3500 Tmnsserentur
820 3427 919 3501 enirn
935 3427 1162 3524 magistratus
1183 3451 1263 3504 aca-

181 3529 338 3618 ‘demici
354 3538 531 3638 insignia,
558 3561 653 3638 quae
676 3561 742 3638 per
763 3553 903 3616 annum
929 3555 966 3615 et
980 3541 1083 3638 quod
1101 3546 1264 3620 excurrit
1349 3595 1352 3612 ι
1401 3531 1404 3540 ’

192 3660 237 3732 in
258 3679 331 3730 vna
349 3653 550 3753 eademque
571 3653 688 3728 domo
699 3653 867 3740 luerunt,
887 3650 973 3730 h-oc
981 3651 1061 3752 ipso
1077 3653 1138 3732 die
1158 3669 1262 3732 extra
1328 3642 1343 3656 ²

191 3769 404 3848 ordinem
394 3791 433 3842 ιιι
448 3763 582 3844 Virum
603 3769 729 3855 annis,
757 3767 916 3854 meritis,
945 3767 1265 3870 doetrinaesopits
1371 3773 1374 3780 '

190 3885 416 3986 ingeniique
441 3894 479 3957 et
498 3882 869 3974 morumrvrbanitate
883 3883 1154 3980 ,venerabilem
1168 3881 1266 3960 »Col-

185 3999 321 4098 ‘legam
338 3993 685 4082 lionoratilfimum,
711 3992 1055 4086 coniuntlillrurum,
1146 4044 1159 4059 ..
1181 4023 1198 4045 ⁶·
1223 4049 1228 4060 «

314 4106 399 4188 GE.
460 4102 790 4187 HENRICVM
847 4106 1044 4187 AYRER
1100 4105 1150 4186 D

189 4227 303 4304 cuius
323 4223 532 4366 vigilantia,
556 4225 752 4322 prudentia
763 4235 800 4300 et
813 4223 1036 4316 constantia,
1051 4221 1162 4324 spem
1180 4219 1269 4302 facit

1073 4351 1270 4418 certam
1359 4333 1361 4345 ’
