3292 5134
446 508 451 516 ι
574 537 858 581 m

1061 533 1097 561 '⁸
1172 570 1248 652 30r

169 721 435 802 animaduersa
467 745 538 800 nec
559 725 701 844 ingrata
732 721 856 800 tamen
884 695 927 802 sit
950 723 996 802 ad
1027 747 1152 842 cogno
1155 725 1254 803 scen·

179 843 287 928 dum,
308 861 409 915 nunc
422 842 461 913 in
473 863 514 912 ea
531 834 757 935 cogitatione
774 853 812 913 et
829 844 1140 917 commentatione
1153 843 1255 929 iuuat

181 957 351 1033 animum
368 952 560 1055 paullatim
588 949 762 1062 defigere,
804 967 844 1029 vt
873 953 1076 1051 diuinando
1097 949 1257 1055 assequa-

183 1093 289 1146 mur:
318 1094 400 1166 quac
421 1065 605 1143 litterarum
627 1069 810 1164 arciumque
836 1071 966 1144 omnino
984 1073 1079 1148 ratio·
1102 1073 1256 1146 escondi-

184 1189 238 1260 tio
264 1179 319 1285 cffc
342 1181 660 1259 remoramina
680 1193 712 1257 et
727 1185 811 1257 inter
835 1207 886 1258 cor
900 1183 1058 1271 hanricus,
1087 1181 1143 1283 qui
1151 1188 1256 1284 primi

181 1298 367 1402 Musarum
383 1293 714 1394 reliquaqmomina
730 1293 911 1400 symbolica
928 1302 1167 1397 excogitarunt,
1186 1303 1258 1398 qni·

184 1411 246 1488 bus
271 1411 395 1489 litteras
416 1423 565 1528 caperque
586 1399 818 1514 etp-disciplina}
842 1410 1008 1515 designare
1019 1411 1169 1518 solemus.

299 1606 347 1686 Et
378 1613 541 1710 primum
564 1573 736 1709 quidem,
775 1609 880 1710 quod
904 1635 950 1688 ex
978 1603 1151 1690 omnibus
1183 1613 1257 1693 illis
1355 1596 1357 1608 ’
1493 1593 1494 1606 ¹

184 1727 392 1804 litterarum
408 1724 572 1825 personis
598 1739 635 1800 et
654 1725 869 1803 nominibus
892 1711 1103 1826 symbolicis
1121 1728 1258 1804 inaolli.

186 1845 307 1941 gitur,
338 1839 434 1914 illud
447 1839 518 1927 est,
548 1837 682 1915 nullom
703 1839 771 1915 illo
796 1855 965 1940 tempore
990 1842 1146 1920 tradendi
1158 1869 1259 1942 proc.
1352 1849 1359 1857 '

184 1953 383 2056 carimdique
397 1958 556 2030 rationem
573 1949 679 2056 fuisse,
710 1967 966 2054 praeterquam
995 1980 1088 2056 quae
1105 1956 1146 2032 fit
1161 1968 1260 2033 conlo

183 2083 216 2148 et
242 2073 403 2146 carmine:
438 2090 533 2166 quae
553 2091 609 2145 res
627 2068 700 2167 ipsa
725 2071 859 2144 artium
886 2069 1111 2146 incunabula
1135 2087 1172 2146 et
1196 2093 1261 2146 ex«

188 2183 293 2288 ordia
315 2183 445 2281 arguit,
475 2207 562 2260 cum
584 2181 745 2258 necdum
766 2180 946 2286 scribendi
962 2181 1154 2260 artificium
1173 2181 1259 2261 esset

186 2306 476 2376 inuentum‘aut
502 2295 710 2393 ‘vulgatum
779 2294 990 2372 Acarmine
1017 2311 1149 2400 autem
1165 2300 1265 2394 inter

187 2438 321 2494 omnes
338 2409 520 2512 populos,
548 2412 613 2510 qui
629 2400 707 2485 non
724 2409 770 2486 ab
790 2409 864 2484 alio
883 2409 1027 2510 populo
1044 2413 1179 2488 viliore
1196 2412 1261 2488 'vel

186 2529 286 2608 victo
312 2526 456 2604 cultum
487 2525 724 2602 humanitatis
756 2539 995 2623 acceperunt,
1055 2523 1262 2604 litterarum

189 2643 393 2746 primordia
416 2639 577 2739 profesta
601 2636 690 2726 esse,
732 2651 769 2712 et
787 2637 967 2737 proficisci
990 2638 1145 2732 debere,
1179 2643 1260 2719 satia

189 2752 331 2836 constat
344 2760 400 2846 *).
462 2751 579 2845 Quod
597 2755 712 2851 igitur
720 2751 849 2852 Apollo
865 2766 903 2830 et
918 2756 1262 2842 Mercuriusartibm

190 2888 228 2950 et
254 2872 385 2947 litteris
408 2865 565 2966 praeesse
591 2866 795 2956 dinisuntg
819 2866 859 2943 id
882 2891 962 2944 non
979 2868 1075 2946 male
1100 2868 1263 2966 designa
1290 2939 1297 2950 ,

189 2974 345 3063 tum'est
361 2981 514 3057 alteriuo
528 2982 685 3057 inuento
700 2996 737 3056 et
754 2983 931 3058 attributo
946 2982 1099 3081 proprio
1114 2981 1263 3071 cithara,

189 3101 341 3181 alterius
364 3096 456 3194 lyra.
523 3098 687 3174 Mercurii
713 3095 866 3192 quidem
891 3096 998 3172 notio
1026 3093 1124 3172 haud
1153 3096 1266 3172 dubie

189 3220 232 3291 in
254 3211 446 3310 Graeciam
470 3232 624 3310 peregre
641 3206 800 3314 inuesia,
830 3205 879 3284 'ex
894 3207 1066 3311 Aegypto
1091 3212 1264 3302 maxime,

189 3343 234 3405 vt
256 3324 452 3425 probabile
477 3321 538 3412 lit,
570 3346 656 3399 cum
673 3323 718 3398 ab
744 3323 852 3398 initio
872 3321 1006 3420 λόγου,
1034 3323 1069 3400 h.
1084 3348 1114 3402 e.
1130 3327 1265 3402 mentis
1358 3369 1361 3385 ι

191 3455 232 3522 et
250 3441 421 3526 rationis,
450 3452 530 3514 turn
546 3435 743 3524 sermonis,
769 3435 920 3513 tandem
936 3439 1044 3514 etiarn
1069 3438 1268 3538 scripturae
1398 3438 1401 3448 ’

192 3553 283 3633 esset
301 3551 505 3652 symbolica
537 3551 756 3639 declaratio,
785 3574 878 3628 mox
893 3575 973 3626 eam
1007 3550 1161 3628 induere
1184 3577 1270 3630 coe·

191 3675 252 3772 pit
286 3667 499 3800 personam,
546 3666 592 3741 ad
622 3669 727 3742 cuius
759 3665 1013 3748 austoritatem
1045 3665 1269 3744 reserrentur

192 3786 323 3864 omnia
347 3805 407 3870 ea,
457 3781 594 3880 quibus
627 3780 792 3854 hominum
815 3777 1050 3855 recensum!
997 3805 1034 3856 cu
1036 3778 1101 3856 slus
1117 3782 1270 3882 formare
1332 3801 1335 3805 ’

191 3899 261 3976 illa
286 3895 403 3974 ditius
421 3895 490 3982 est,
521 3909 586 3970 aut
607 3893 743 3994 quibus
766 3891 880 3992 prisca
897 3879 1049 3971 Graecia
1073 3894 1118 3970 ad
1139 3893 1269 3970 huma-

191 4016 344 4092 niorem
362 4009 505 4086 cultum
528 4008 681 4084 deduila
710 4003 779 4091 elle
796 4007 1033 4102 credebatu13
1061 4010 1156 4084 inter
1173 4030 1270 4104 quaa

189 4130 322 4230 primo
354 4123 441 4200 loco
467 4121 638 4271 habitam
670 4117 739 4197 esse
773 4118 942 4198 vidamus
971 4119 1143 4198 musrcam
1184 4143 1272 4200 cum

1104 4233 1271 4321 humano

232 4410 275 4492 0)
304 4405 349 4472 ci.
371 4405 438 4490 sap.
460 4398 694 4472 Comana&
709 4411 767 4467 vet.
787 4410 908 4486 poetar.
930 4393 1068 4468 doisiim
1090 4407 1185 4487 prbr
1205 4403 1272 4488 sqq
