3292 5134
361 701 620 814 praerogatiua
651 723 754 801 erat,
789 710 920 790 finon
954 727 1130 812 magnae,
1168 725 1266 790 certe
1291 713 1423 807 bonae3
1477 668 1478 751 d

255 922 257 932 Ι
369 842 423 904 et
431 825 694 904 lllvucurrvsro
736 845 813 902 non
849 823 1065 927 displicuisse
1096 849 1173 931 pro
1190 815 1450 926 praeiudicio
1478 860 1479 919 l

362 941 467 1071 apud
490 965 660 1040 magnam
680 940 898 1022 Germaniae
924 953 1064 1040 partem
1085 941 1299 1018 Qhabebatur
1357 939 1479 1017 Sed

273 1043 277 1056 ’
366 1081 426 1132 me
444 1057 483 1130 in'
506 1055 632 1132 locum
655 1050 815 1133 incidisse
842 1055 967 1133 sentio
982 1054 1185 1144 lubricum,
1222 1061 1261 1132 et'
1284 1057 1324 1130 in
1350 1077 1425 1154 quo
1479 1142 1480 1149 Ν

332 1177 334 1198 ’
363 1167 440 1248 fine
465 1167 666 1247 offensione
689 1171 766 1245 nolr
788 1168 897 1245 facile
921 1169 1097 1269 progredi
1117 1168 1235 1246 liceat
1300 1167 1426 1274 ltaque
1479 1170 1480 1177 '

237 1302 242 1320 ¹
359 1283 461 1360 ¹illud
483 1285 598 1361 modo
621 1287 815 1395 attingam,
857 1282 1002 1387 liquid
1018 1283 1157 1371 aliud,
1175 1283 1308 1360 hocin
1334 1281 1424 1359 Viro

327 1397 468 1480 *illud
479 1375 696 1475 admirabile
726 1393 844 1485 luisse,
892 1398 999 1487 cum,
1036 1400 1080 1473 iis
1110 1399 1356 1497 temporibus,
1385 1400 1425 1471 in

365 1531 479 1610 quae
474 1525 587 1588 aetas
619 1515 696 1589 eius
735 1510 908 1588 iuuenilis
938 1526 976 1588 et
1000 1511 1189 1626 disciplina
1226 1512 1426 1588 academica

363 1625 559 1714 inciderat,
593 1627 708 1704 multa
732 1621 936 1701 litterarum
951 1640 988 1701 et
1002 1613 1274 1724 disciplinarum
1295 1647 1426 1724 genera

352 1759 413 1818 ,ne
436 1744 588 1823 nomine
611 1741 762 1840 quidem
787 1726 876 1816 nota
899 1737 1030 1828 essent,
1075 1739 1284 1816 studiorum
1306 1753 1427 1815 autern

265 1861 269 1874 '
354 1852 506 1928 ¹cursum
526 1854 601 1954 ipse
625 1850 793 1929 tenuisset
814 1874 919 1942 eum,
955 1874 1032 1954 quo
1052 1877 1126 1953 per
1148 1852 1243 1930 Iuris
1274 1851 1429 1953 discipli-

272 2027 275 2036 .
362 1989 433 2042 nae
456 1969 552 2042 viam
575 1964 711 2065 regiam
736 1991 781 2042 an
800 1966 964 2044 semitam
987 1969 1175 2067 angustam
1197 1965 1342 2044 dicam?
1382 1967 1427 2041 ad

362 2061 502 2158 stimma
539 2083 627 2180 reip
656 2103 808 2157 munera
840 2095 879 2157 et
905 2082 1069 2158 honores
1097 2081 1356 2170 contenderet,
1387 2094 1428 2156 ιι

249 2195 252 2200 “
351 2205 485 2270 danaen
509 2215 587 2275 non
611 2199 716 2274 unius
724 2185 948 2302 disciplinae
972 2199 1143 2272 uniusne
1139 2199 1295 2298 generis
1317 2213 1431 2292 angu-
1483 2274 1484 2283 ¹

194 2385 197 2396 ,
248 2354 251 2365 =
357 2303 651 2385 stiidmentems
633 2311 750 2398 suam,
786 2309 935 2388 consilia
960 2312 1138 2399 etcu'ras',
1175 2309 1316 2386 includi
1341 2309 1432 2385 sme-

357 2433 424 2498 re't.
473 2423 577 2517 Quin
595 2421 659 2499 ille
674 2424 769 2499 nulli
784 2423 987 2501 litterarum
1003 2427 1130 2522 generi
1149 2401 1284 2539 defuit}
1312 2428 1433 2500 omni·

320 2528 325 2616 J
358 2537 429 2633 bris
456 2535 619 2638 prouidit
605 2534 873 2646 tliberaliter3
916 2539 1142 2615 uniuersum
1156 2512 1433 2637 disciplinarum

358 2623 539 2728 ambitum
562 2639 699 2751 magno
722 2651 786 2728 suo
800 2653 955 2768 pedore
973 2654 1107 2783 oepit,
1130 2675 1217 2731 cura
1238 2663 1276 2728 et
1305 2675 1430 2729 amore

355 2773 513 2867 paterno
540 2766 757 2899 complexus
789 2764 917 2841 ιιι·

471 2905 592 3036 Atque
622 2936 697 3024 hoo
720 2904 837 3014 fateor
864 2893 986 3035 primo
973 2925 1056 3012 ad
1079 2933 1176 3012 hanc
1195 2931 1435 3012 Academiam

356 3045 496 3128 accessu
528 3048 737 3128 incredibili
765 3075 826 3126 me
862 3049 1050 3148 voluptate
1080 3045 1297 3148 perfudisse,
1345 3071 1435 3123 cum

222 3238 228 3247 ,
354 3153 493 3240 Virum
516 3163 595 3240 aliis
626 3164 780 3264 plane
769 3165 890 3264 risque
927 3155 1048 3240 mult'o
1071 3163 1307 3261 grauioribus
1331 3145 1434 3238 critis

347 3289 401 3372 et
407 3261 568 3384 negotiis
584 3277 825 3377 implicitum,
864 3275 1013 3376 diuersrs
1035 3275 1181 3377 prorsus
1205 3278 1251 3355 ab
1274 3279 1434 3352 ineunte

258 3486 263 3496 ,
338 3403 450 3494 ‘aetat
452 3415 471 3468 e
435 3373 643 3468 tsludiis
633 3395 872 3481 innutritum,
908 3405 1031 3470 tamen
1056 3389 1219 3496 viderem
1239 3390 1435 3468 historiam

243 3573 248 3613 Ι.
302 3599 305 3606 ⁴
351 3501 582 3594 litterariam,
612 3503 876 3602 elegantiorem
894 3504 1153 3594 litteraturam,
1189 3504 1435 3582 humanitatis

344 3617 568 3705 doilrinam,
587 3619 772 3696 uniuersae
785 3621 1011 3720 antiquitatis
1028 3623 1181 3718 eiusque
1201 3627 1435 3697 monumen-

340 3745 476 3840 ¹torum
494 3731 653 3810 studium
669 3735 838 3834 probare,
869 3749 944 3814 tam
956 3729 1214 3834 diligentibus
1215 3732 1309 3810 mihi
1322 3755 1435 3808 com·

351 3841 527 3926 mendare
547 3847 686 3938 verbis,
721 3862 796 3926 tam
823 3847 953 3926 diserte
984 3848 1030 3926 de
1055 3848 1133 3949 eius
1157 3869 1242 3922 vera
1267 3848 1434 3935 ratione,

344 3950 563 4040 ·tradatio'ne
579 3974 616 4038 et
635 3959 834 4051 utilitate,
838 3987 1003 4042 monere

414 4119 533 4205 Sed
562 4149 678 4230 quam
695 4127 827 4212 subtile
846 4126 969 4217 Eius
958 4153 998 4208 ιιι
1020 4127 1260 4234 diuerfillimis
1287 4127 1437 4206 littera-

295 4243 298 4260 “
348 4261 434 4321 rum
452 4254 489 4363 et
507 4241 755 4326 dotlrinarum
769 4247 970 4345 generibus
994 4241 1081 4324 esset
1103 4243 1300 4334 iudicium,
1342 4267 1437 4318 nus-

407 4404 415 4416 ν
1127 4389 1132 4396 ·
1312 4380 1438 4460 quam
