3292 5134
1136 631 1145 661 l

316 631 326 646 .
391 571 548 647 4¹4

389 719 477 837 elem
510 693 557 796 ad
586 715 784 795 testandam
817 718 1027 792 animorum
1061 717 1234 815 pietatem
1266 694 1483 817 religionis

271 877 273 885 J
389 813 530 912 nostrae
561 857 603 911 ac
625 831 715 912 fidei
744 843 1031 907 monumentum
1056 831 1165 906 nobis
1193 831 1365 932 superstes
1387 826 1484 909 ellel

389 945 642 1040 voluerimus?
699 944 816 1038 Quo
806 958 930 1044 rtaque
947 967 1017 1044 pro
1042 942 1137 1020 virili
1163 957 1201 1022 et
1223 946 1295 1045 ipse
1316 947 1484 1046 ptofpi

387 1064 503 1149 ciam,
533 1073 575 1139 vt
595 1062 639 1136 iis
659 1063 725 1160 qui
745 1059 826 1160 poll
844 1080 911 1133 nos
938 1069 1065 1146 erunt,
1095 1070 1227 1157 parata
1245 1058 1288 1136 lit
1306 1051 1451 1159 refpo‘n-

385 1173 459 1265 fio,
500 1174 672 1252 lubenter
700 1172 911 1249 audomare
941 1173 1056 1247 vestra
1075 1171 1290 1250 mandatum
1319 1198 1451 1252 munus

338 1271 342 1286 ¹
386 1289 428 1366 in
444 1313 504 1366 me
527 1289 683 1387 recipio.
709 1299 765 1375 et,
795 1299 975 1385 quantum
998 1287 1036 1360 in
1055 1309 1114 1362 me
1130 1289 1226 1375 erit,
1255 1310 1304 1364 ne
1321 1289 1451 1365 vestrae
1484 1258 1486 1315 l

330 1399 336 1423 ’
381 1401 530 1503 pietatis
551 1395 673 1478 'sensus
697 1425 779 1480 mea
803 1401 969 1477 oratione
997 1413 1226 1490 attenuetur,
1273 1425 1360 1478 cum
1382 1401 1452 1478 fide
1484 1398 1485 1407 '

387 1519 535 1594 curabo
636 1512 739 1593 Inter
762 1515 991 1616 volenteset
1013 1514 1198 1614 procliues
1231 1514 1277 1590 ad
1300 1513 1452 1593 caussam

386 1633 533 1709 animos⁴
547 1627 757 1716 facundiam
772 1628 974 1728 approbare
989 1651 1076 1703 *non
1101 1628 1195 1704 adeo
1217 1625 1366 1705 difficile
1387 1629 1454 1707 effe

385 1745 514 1844 potelt'
575 1743 681 1820 Nihil
705 1743 890 1843 proferre,
927 1741 1021 1818 nihil
1042 1741 1175 1840 eloqui·
1190 1756 1341 1840 potero,
1380 1743 1453 1821 fiue

381 1855 431 1934 ad
448 1861 663 1946 animorum,
681 1856 823 1933 sensum
839 1855 912 1932 froe
931 1856 977 1931 ad
1004 1859 1151 1954 pietatis
1177 1855 1358 1946 affectum,
1377 1881 1454 1957 quo

274 1963 279 1970 ’
385 1993 464 2052 ιιοιι
495 1971 679 2047 dicentem
702 1993 760 2045 me
790 1969 896 2046 vestri
926 1971 1039 2044 animi
1063 1983 1313 2064 anteuertant3
1356 1973 1452 2049 nihil

383 2084 588 2174 laudabile,
616 2083 710 2160 nihil
723 2083 950 2182 praeclarum
967 2083 1013 2160 de
1029 2082 1303 2170 lllvucunvsro'
1319 2099 1452 2185 potero

384 2222 608 2288 memorare,
643 2199 736 2300 quin
750 2200 931 2274 memoria
951 2199 1063 2273 vestra
1082 2186 1199 2298 plura,
1219 2212 1257 2275 et
1272 2199 1453 2298 pleniora,

343 2317 429 2392 ‘et
450 2316 608 2404 maiora,
633 2313 765 2390 animis
780 2313 904 2389 vestris
924 2312 1096 2388 subiiciat

379 2543 385 2567 ”
499 2531 591 2626 Quo
614 2545 738 2608 tamen
756 2531 887 2608 ordine
901 2529 992 2608 mihi
1007 2531 1285 2632 procedendum
1301 2533 1357 2625 fit,
1384 2533 1455 2612 llu-

382 2647 543 2736 ditores,
589 2651 659 2746 qui
684 2649 725 2720 in
748 2637 847 2723 tanta
881 2670 1005 2722 rerum
1022 2649 1137 2746 ‘copia
1166 2647 1338 2738 dileflus,
1370 2654 1454 2752 ¹qui

338 2833 340 2840 s
382 2764 577 2851 materiae,
605 2759 726 2860 frqua
744 2759 813 2854 alia
833 2761 922 2845 fuit,
952 2759 1000 2837 ad
1013 2759 1212 2861 dicendum
1233 2761 1453 2840 felicissimae

381 2867 585 2958 'trauandae
608 2875 762 2965 modus,
796 2877 849 2954 in
864 2874 933 2952 hac
953 2870 1219 2951 deliberatione
1242 2877 1362 2956 fateor
1392 2879 1453 2954 diu

380 3013 441 3066 me
471 2989 635 3066 defixum
660 2993 787 3067 animo
814 2993 956 3065 exitum
984 3012 1062 3064 non
1097 2995 1296 3088 reperire;=
1324 2991 1451 3087 Quid?

378 3089 489 3204 quod
499 3107 672 3206 intertot
690 3128 732 3182 ae
748 3119 847 3182 rante
872 3128 994 3199 rerum
1024 3118 1258 3202 argumenta,
1300 3106 1376 3205 ipfa
1399 3107 1453 3181 di-

379 3218 489 3294 cendi
504 3220 683 3318 principia
701 3220 868 3295 inuenire
888 3215 1037 3294 difficile
1064 3217 1177 3294 videri
1197 3217 1321 3295 debet.
1380 3217 1449 3298 Sed

379 3331 420 3406 in
445 3330 514 3408 hac
530 3344 638 3408 ,tauta
664 3329 897 3420 difficultate,
942 3330 1180 3408 florentilfrmi
1209 3329 1393 3423 quenes,
1432 3343 1454 3410 a

376 3445 487 3520 nobis
513 3442 728 3521 confilium:
742 3459 779 3520 et
807 3447 989 3521 rationem
1019 3461 1153 3545 petam.
1178 3529 1183 3542 Ι
1231 3445 1269 3524 Si
1292 3448 1456 3524 vestrum

377 3561 537 3663 quisque
555 3574 706 3658 parente
728 3559 813 3644 suo,
844 3581 955 3658 quam
980 3573 1104 3636 tamen
1126 3561 1191 3636 fati
1215 3564 1458 3638 acerbitatem

376 3695 445 3773 per
461 3670 599 3749 multos
614 3673 735 3751 adhuc
752 3697 869 3750 annos
894 3697 914 3749 a
936 3672 1074 3750 cundtis
1099 3671 1214 3750 abelfe
1235 3676 1365 3752 iubeat
1387 3700 1458 3752 nu

363 3782 530 3865 ,ιιιειιΟ
552 3785 610 3884 Μ.
641 3787 703 3864 fed
726 3786 752 3864 fr
780 3802 931 3887 parente
960 3787 1174 3875 morterfibi
1198 3809 1326 3887 erepto
1354 3794 1460 3890 quis-

309 3953 316 3968 .
376 3900 490 4001 quam
509 3879 669 3988 vestrum
693 3894 779 3980 cum
802 3905 926 3980 amicis
952 3901 1025 3978 fuis
1047 3925 1090 3979 ac
1118 3903 1362 3980 familiaribus
1384 3906 1459 3980 ser·

375 4036 509 4095 mones
533 4015 722 4094 habiturus
739 4015 846 4105 esset,
880 4014 989 4116 quale
1015 4005 1226 4095 sermonum
1253 4041 1460 4117 argumen-

377 4135 457 4206 tu'rn
474 4131 555 4207 fore
572 4130 806 4230 putabimus?
845 4128 889 4206 In
908 4129 1047 4206 summa
1071 4135 1184 4208 animi
1206 4133 1458 4230 aegritudine,

227 4321 231 4332 ,
285 4289 300 4338 ,
377 4265 450 4344 qua
465 4243 511 4322 de
527 4268 566 4323 re
579 4243 768 4329 lubentius
786 4247 1144 4338 commemorabitir,
1174 4268 1287 4348 quem
1311 4247 1363 4330 ad
1381 4247 1464 4324 elo·

1244 4363 1463 4460 quendum,
