3292 5134
583 533 787 548 ........„.
1144 533 1258 608 -419

188 671 363 774 gnoscite.
421 669 588 752 Multum
603 639 648 748 ab
668 695 797 748 eorum
814 637 1022 750 rationibus
1031 675 1157 764 abfuit,
1176 678 1253 775 qui,

190 795 276 865 cum
302 787 509 864 uiderent'
500 811 539 861 m
562 790 621 862 ciu
625 789 784 866 iratribus
789 769 921 865 nostris
942 802 979 861 et
1001 793 1162 888 imperiis
1186 787 1254 868 else

188 901 371 979 nonnulla
394 915 543 998 propter
568 912 797 999 temporum,
821 903 874 976 in
903 903 1038 1001 quibus
1060 906 1254 980 constituta
1291 895 1293 897 ¹

188 1017 310 1104 suere,
352 1017 550 1091 barbariem
584 1017 678 1090 male
696 1014 873 1114 descripta
896 1030 959 1092 aut
982 1019 1090 1095 etiam
1115 1018 1176 1093 vlu
1192 1019 1256 1094 de-

187 1144 357 1230 prauata,
388 1129 499 1235 societ
485 1143 573 1206 tates
597 1129 792 1205 hominum
818 1131 863 1203 ad
892 1131 1060 1216 ordinem
1092 1132 1266 1251 aliquem
1320 1120 1324 1126 ’

187 1244 402 1331 naturalem,
429 1267 541 1344 quem
560 1243 699 1330 dieunt,
674 1257 900 1320 tre-uocare
920 1238 1191 1334 volu',rerunt
1141 1269 1191 1345 qr
1194 1271 1265 1322 em

164 1333 213 1434 sr
243 1358 479 1456 sequerentur
508 1358 696 1446 homines,
740 1359 847 1434 breui
877 1359 1096 1435 haberemus
1135 1365 1263 1436 omni

189 1497 240 1548 no
279 1485 347 1548 nec
373 1473 558 1550 ciuitatem
591 1495 661 1547 nec
688 1472 906 1548 libertatem.
993 1474 1112 1550 Simili
1142 1467 1258 1550 nlodo
1309 1511 1316 1526 ι

188 1588 214 1664 fi
255 1589 337 1686 quis
368 1601 431 1662 aut
470 1609 588 1675 nunc,
648 1600 712 1660 aut
749 1582 872 1665 multo
910 1591 1026 1684 magis
1061 1603 1145 1663 aute
1185 1591 1255 1664 hos
1328 1604 1331 1613 '

187 1699 261 1779 XL
293 1723 446 1788 annosa
474 1698 722 1776 Academiam·
739 1702 899 1777 condere
928 1702 1061 1790 vellet,
1106 1701 1265 1802 qualem‘

190 1816 264 1914 ipsa
287 1815 488 1890 litterarum
511 1837 553 1922 ac
581 1814 852 1914 disciplinarum
880 1814 1021 1901 subtilis
1045 1816 1169 1916 aliqua
1193 1818 1258 1892 de·
1347 1891 1353 1901 ,

188 1931 333 2029 scriptio
355 1927 570 2027 postularet,
603 1951 711 2028 quam
732 1939 861 2027 parum
886 1930 949 2005 ille
980 1945 1042 2005 aut
1060 1935 1149 2029 reip.
1166 1948 1258 2008 con·

185 2045 345 2142 sulturus
371 2057 433 2120 aut
449 2041 602 2120 consilio
620 2043 683 2118 suo
707 2044 961 2141 prol‘pessurus
989 2039 1091 2118 esset!
1151 2036 1283 2138 Quid*
1395 2149 1401 2156 ὁ

188 2156 319 2234 enim?
363 2153 609 2235 Facultatibus
640 2157 717 2243 his,
761 2179 851 2255 quas
888 2157 1068 2231 barbaries
1099 2160 1256 2243 inuexit,

186 2271 414 2372 proscriptis,
447 2289 603 2348 eruntne
627 2273 692 2370 qui
709 2269 818 2348 talem
841 2269 1063 2346 academiam
1083 2271 1268 2371 frequen-¹

188 2403 263 2462 tare
283 2385 419 2460 velint?
479 2383 698 2476 Dostnrum,
725 2403 822 2482 quos
840 2397 984 2471 vocant,
1005 2389 1259 2470 renuntiatio·

188 2501 318 2586 nibus,
349 2489 580 2576 examinibus
604 2510 641 2574 et
666 2497 972 2596 disputationibus
998 2496 1168 2590 sublatis,
1210 2502 1269 2575 an¹

191 2638 238 2690 ex
263 2613 332 2699 hac
364 2614 553 2713 disciplina
577 2611 782 2713 progressos
806 2613 893 2689 loco
915 2607 1042 2712 aliquo
1065 2613 1258 2690 habendos
1286 2652 1295 2664 ·

189 2726 396 2828 putabunt?
453 2727 583 2804 Minus
600 2727 734 2813 calide,
766 2742 803 2803 et
819 2753 865 2803 eo
879 2727 1074 2826 sapientius
1092 2727 1262 2807 Mvncrr·

190 2864 344 2917 rrvsrvs:
393 2838 528 2918 Noluit
545 2845 707 2917 nimium
724 2831 906 2916 discedere
932 2840 978 2916 ab
1000 2843 1150 2940 antiqua
1179 2863 1262 2918 aca-
1345 2925 1347 2931 ¹

190 2955 393 3032 demiarum
416 2956 534 3031 forma
558 2979 599 3031 ac
616 2957 776 3042 ratione,
807 2956 867 3030 led
891 2956 957 3030 res'
971 2953 1103 3030 maluit
1130 2955 1260 3034 eode-

191 3071 346 3158 ducere,
378 3070 694 3145 vt·facioexterna
719 3068 847 3150 eadem
866 3068 1003 3144 seruata
1023 3068 1170 3146 indoles
1195 3085 1263 3144 ‘ea-

188 3207 273 3260 rum
296 3195 332 3258 et
351 3197 481 3260 natura
500 3182 773 3275 emendarerum
804 3182 927 3273 labes,
953 3180 1076 3282 liqna
1093 3184 1262 3260 inhaere·
1384 3234 1391 3250 ι

188 3313 263 3382 ret,
296 3295 422 3380 lensrm
442 3296 643 3404 sensimque
660 3297 860 3381 elueretur,
889 3299 1078 3396 integritas
1095 3311 1132 3372 et
1147 3297 1264 3374 fince-

184 3415 274 3488 ritas
292 3435 370 3486 non
387 3413 762 3491 animaduertentibus
779 3413 1034 3488 restitueretur.
1075 3408 1260 3501 Omnino,
1278 3440 1282 3445 ·

183 3524 326 3625 liquid
354 3525 480 3615 video,
507 3529 624 3602 maior
648 3529 726 3604 eius
747 3527 797 3601 est
823 3525 1015 3625 sapientia,
1045 3526 1122 3623 qui,
1141 3548 1261 3625 quum

181 3639 356 3716 laborare
390 3639 457 3716 res'
482 3639 659 3716 humanas
702 3640 772 3716 suis
815 3637 1088 3715 infirmitatibus
1126 3640 1266 3726 videau'

182 3777 278 3831 cum
297 3742 371 3830 ¹fine
396 3777 528 3852 magua
550 3756 657 3830 ruina
679 3751 888 3856 autpsaltem
904 3751 1180 3829 labelasta‘tione
1197 3777 1264 3828 eo·

179 3891 292 3955 rum,
321 3860 416 3967 quae
431 3868 526 3944 salua
543 3867 646 3962 sunt
676 3862 874 3944 commode
889 3877 926 3942 et
942 3867 1082 3942 utiliter
1100 3865 1262 3942 succurri
1310 3855 1321 3861 ”

178 4003 268 4058 non
293 3979 393 4080 polle
417 3982 557 4069 uideat,
589 3925 806 4058 dissimulare
832 4003 891 4058 eas
909 3981 1014 4056 malit
1030 3980 1189 4055 ettaeite
1205 4003 1263 4054 re·

180 4095 314 4172 me‘dia
337 4095 537 4216 applicare,
564 4099 702 4204 quibus
721 4095 775 4173 vis
788 4095 881 4172 mali
897 4093 1005 4197 polilt
1025 4106 1090 4170 aut
1111 4094 1262 4200 reprimi
1360 4101 1366 4108 “

177 4221 251 4290 aut
275 4207 444 4306 diminui.

678 4279 771 4409 'fid
797 4347 819 4398 2
856 4303 862 4327 ί
1119 4315 1263 4400 Interea
1315 4299 1322 4308 ’
