3292 5134
600 498 885 553 m
1201 521 1274 611 165
1374 497 1381 519 “

191 678 331 780 legum
347 680 520 759 codicem
538 681 729 785 descripsst
773 682 899 787 Apud
929 684 1090 766 eundem
1109 684 1280 777 Aristum,-

189 769 268 876 iem
307 790 553 875 Charondam
581 799 665 876 niti!
693 804 869 899 proprium
906 812 937 879 et
962 808 1174 901 praecipuum
1204 806 1274 901 p),

188 922 348 1014 praeter
365 914 470 986 unum'
485 912 524 989 de
532 912 613 1014 falfi
635 918 805 1017 testimonii
820 915 947 997 autom
968 919 1084 1013 legem.
1112 912 1276 996 habuisse

187 1026 363 1116 narrari3
390 1022 607 1105 Diodorum
626 1042 755 1105 contra
772 1031 875 1107 multa
889 1058 960 1105 eum
987 1060 1008 1109 u
1025 1032 1063 1133 sc
1086 1035 1220 1112 inuenta
1244 1044 1275 1108 et

189 1136 558 1245 excogitatasadieciffe
580 1137 780 1233 affirmare,
816 1146 917 1223 istane
940 1159 1062 1222 tamen
1086 1144 1196 1244 ipsam
1221 1143 1273 1237 le„
1318 1126 1323 1145 ’

187 1276 307 1353 gem,
355 1275 469 1353 qnam
497 1253 708 1336 Aristoteles
732 1273 772 1336 vt
804 1256 1022 1341 Charondae
1046 1259 1271 1369 peculiarem
1367 1284 1374 1292 ·

184 1366 345 1458 laudat,
387 1371 582 1452 omittere.⁴
628 1369 737 1465 Quae
763 1377 889 1451 omnia
914 1375 940 1451 fi
966 1378 1015 1451 ita
1039 1374 1074 1473 ie
1099 1372 1272 1459 habeant,
1314 1384 1317 1393 “

185 1482 254 1559 etii
294 1484 386 1583 quis
417 1486 615 1593 inuentum
650 1485 792 1585 aliquid
826 1488 907 1567 ase
935 1489 1100 1586 proferre
1133 1488 1269 1587 potuit,

188 1596 301 1697 quod
317 1597 421 1674 idem
437 1598 566 1675 multis
581 1602 691 1680 cunis
713 1602 897 1700 postcom
914 1602 1040 1681 multis
1064 1602 1143 1678 aliis
1167 1623 1272 1685 com·

188 1732 310 1789 mnne
329 1710 501 1802 haberet,
538 1712 613 1790 hoc
627 1712 747 1792 ¹vnum
771 1729 893 1793 tamen
919 1716 1005 1792 inde
1029 1716 1131 1816 sequi
1157 1716 1278 1805 dican·
1366 1732 1368 1739 “

191 1824 403 1903 Aristotelis
428 1827 608 1905 iudicium
632 1827 720 1927 plus
757 1831 857 1931 ap'nd
883 1854 952 1911 nos
983 1831 1101 1910 valere
1133 1828 1268 1907 debere
1351 1810 1363 1838 ⁸

189 1962 308 2041 quam
333 1934 501 2019 Diodori
524 1964 687 2021 errorem
710 1944 770 2021 nel
798 1947 1054 2044 ignorantiam.
1142 1941 1269 2021 Potuit

189 2058 296 2131 enim
324 2049 438 2147 alter,
494 2057 560 2155 qui
594 2058 635 2133 in
670 2056 798 2158 legum
830 2070 872 2137 ,et
902 2060 1095 2137 ciuitatum
1126 2057 1278 2133 naturis.

191 2168 467 2267 cognoscendis
499 2193 671 2271 magnam
707 2174 801 2247 vitae
834 2184 974 2272 partem
1010 2168 1266 2257 consumserat,

197 2282 317 2359 muita
345 2287 548 2361 accuratius
581 2297 708 2359 tenere
732 2307 844 2383 quarn
872 2281 1076 2365 Diodorus.
1140 2276 1267 2359 Potuit

195 2410 324 2473 tamen
350 2411 388 2475 et
404 2397 471 2475 hic
491 2398 754 2499 haberequod
780 2399 1011 2501 sequeretur,
1056 2420 1140 2475 cum
1164 2394 1266 2497 leges
1331 2406 1334 2487 j

195 2511 443 2601 describeret,-
471 2492 548 2589 uon
574 2510 702 2612 quales
725 2516 772 2590 ab
796 2513 875 2613 ipso
901 2510 1097 2591 Charonda
1114 2512 1268 2589 inerant

196 2626 373 2727 scriptae,
401 2626 464 2703 sed
493 2627 704 2711 cuiusmodi
720 2652 740 2705 a
755 2625 906 2707 Thuriis
932 2629 977 2705 ad
1003 2627 1084 2705 suae
1107 2626 1266 2703 ciuitatis

190 2742 328 2819 statum
338 2755 442 2817 erant
452 2740 656 2829 translatae,
677 2744 890 2820 emendatae
907 2756 943 2827 et
958 2746 1067 2817 nouis
1085 2741 1267 2840 capitibus
1338 2778 1349 2813 ι

193 2856 334 2933 auitae.
392 2850 474 2932 Lex
490 2862 614 2932 autem
629 2847 943 2957 Ψευδομαρτυριῶν
965 2854 1145 2929 actionem
1167 2851 1267 2925 insti-

195 2980 328 3058 tuens,
352 2974 465 3069 qua‘m
490 2993 598 3055 unam
621 2966 829 3045 Aristoteles
846 2962 1063 3043 Charondae
1080 2966 1268 3063 propriam

193 3080 267 3160 effe
293 3085 361 3169 ait.
393 3097 431 3159 et
451 3083 497 3187 ab
524 3106 570 3159 eo
588 3084 712 3181 primo
733 3084 943 3170 inuentam,
974 3078 1205 3159 hauddubie
1227 3078 1268 3153 in

193 3198 349 3275 Stobaci
376 3195 527 3272 recensu
555 3195 682 3294 legum
709 3193 888 3294 inter-sub
917 3192 1150 3286 συκοφαντιῶν
1165 3192 1270 3269 rudi-

193 3316 255 3389 cio
270 3312 336 3409 ᾡς
367 3334 509 3399 verum,
527 3306 664 3389 etiamfi
684 3302 838 3399 abeffet,
869 3322 992 3385 tamen
1018 3307 1076 3385 vel
1096 3306 1164 3396 fic,
1200 3327 1271 3381 nec

197 3449 334 3501 omnes
349 3424 453 3524 leges
483 3422 682 3501 aStobaeo
712 3437 750 3499 et
773 3420 948 3501 Diodoro
970 3422 1163 3521 adscriptas
1189 3416 1270 3505 eise.

202 3537 445 3640 cogitandum
465 3554 550 3613 erat
610 3536 733 3615 Restat
754 3550 1013 3637 argumentum
1037 3561 1057 3613 a
1084 3534 1272 3623 sermonis,

202 3676 277 3753 quo
303 3653 408 3761 leges
428 3674 629 3753 earumque
645 3653 840 3750 prooemia
862 3663 1006 3747 exarata
1029 3651 1133 3741 sunt,
1159 3648 1274 3747 genio

200 3771 384 3869 petitum,
416 3766 538 3844 alieno
556 3767 601 3843 ab
624 3765 879 3954 anquiurum
902 3778 1114 3867 temporum
1137 3757 1274 3859 srmpli-

787 3900 857 3969 3r
1037 3950 1040 3957 ,
1166 3875 1274 3950 citare

241 4165 294 4250 Ρ)
315 4161 400 4227 tidie
417 4164 491 4227 itm
511 4164 551 4228 ie
563 4162 643 4248 rep.
657 4162 698 4242 11,
716 4180 765 4231 12.
807 4094 853 4225 At
866 4114 1141 4232 urorum-111.

244 4304 294 4387 q)
316 4324 348 4369 v.
362 4301 427 4389 sup.
444 4300 528 4369 Sest.
544 4302 571 4368 l.
592 4299 657 4367 LL.
680 4284 863 4411 §bacandae
884 4296 937 4361 sub
960 4294 985 4359 f.
