3292 5134
1223 598 1268 667 ¹5

200 734 455 813 scribebantur
473 734 515 807 in
539 735 664 831 paruis
687 702 918 825 ciuitatibus,
961 758 1041 813 non
1064 738 1105 815 in
1128 742 1272 840 magnis

200 854 327 948 regnis
341 864 381 925 et
394 849 582 945 imperiis3
610 849 650 921 in
664 846 806 923 summa
821 851 923 925 vitae'
939 848 1184 951 fimplicitate,
1215 880 1272 931 re-

198 978 343 1040 sumet
369 964 609 1060 negotiorum
630 962 728 1037 curis
754 964 924 1039 nondum
957 967 1006 1041 ita
1031 967 1215 1066 impeditis
1235 984 1273 1047 et

198 1080 395 1176 implexis,
433 1090 475 1149 vt
494 1078 806 1151 commerciorum
831 1080 1023 1155 crebritate
1044 1094 1082 1155 et
1101 1086 1272 1159 varietate
1385 1072 1390 1091 ⁸

198 1194 350 1269 suborta
364 1188 522 1283 fadum3
551 1188 754 1289 etquidem
780 1192 926 1267 ciuibus
943 1194 1086 1293 aequali
1101 1193 1269 1275 libertate

199 1309 403 1394 utentibus,
434 1306 571 1403 quibus
586 1302 849 1402 legumlatores
866 1330 943 1382 non
958 1307 1016 1395 id,
1043 1310 1147 1409 quod
1164 1314 1269 1389 unius

198 1422 257 1497 vel
283 1443 493 1520 paucorum
519 1418 735 1495 utilitatibus
759 1418 1046 1499 consentaneum
1076 1421 1178 1515 esset,
1222 1446 1270 1503 ex

200 1540 360 1636 imperio
375 1538 590 1633 iniungere,
618 1532 680 1608 sed
694 1555 819 1609 rerum
842 1540 991 1611 veritate
1016 1550 1053 1617 et
1075 1542 1268 1637 aequitate,

202 1675 243 1726 ac
256 1650 409 1750 publica
429 1648 474 1724 ad
491 1670 622 1723 omnes
637 1661 675 1733 et
688 1644 853 1744 singulos
869 1650 1033 1741 vrilitate,
1060 1651 1163 1751 leges
1190 1654 1268 1731 suas

202 1768 407 1865 approbare
424 1763 618 1867 debebant„
657 1761 912 1861 Sequebantur
927 1786 1041 1865 porro
1063 1789 1142 1843 eam
1157 1772 1268 1846 ratio-

200 1904 285 1955 nem
312 1893 457 1954 veteres
476 1877 761 1975 legumlatores‚
797 1891 838 1952 vt
860 1902 938 1955 non
967 1880 1082 1959 modo
1105 1881 1268 1961 facinora

201 1993 422 2077 ecfodere,
466 1994 507 2065 in
532 2014 627 2091 quae
653 1990 850 2069 hominum
874 1994 1022 2071 audacia
1048 1994 1106 2072 vel
1130 1998 1268 2074 malitia

200 2130 394 2205 erumpere
408 2105 520 2195 solet,
540 2106 672 2203 poenis
687 2104 881 2205 propositis
898 2109 1183 2209 compescerent,
1207 2134 1269 2187 ve-

200 2248 279 2298 rum
296 2238 338 2296 vt
352 2221 468 2320 ipsam
488 2219 592 2295 illam
607 2220 793 2297 audaciam
819 2246 862 2299 ac
879 2225 1053 2299 malitiam
1071 2246 1118 2299 ex
1136 2226 1267 2301 animis

204 2340 340 2412 ciuium
362 2334 569 2413 euellerent
584 2350 621 2410 et
645 2330 889 2433 extirparent,
932 2336 1120 2435 publicam
1143 2352 1205 2413 aut
1208 2362 1266 2415 em

200 2454 457 2565 priuatamque
474 2452 647 2525 virtutem
662 2448 910 2525 infunderent.
972 2450 1098 2545 Quam
1126 2452 1265 2531 adrem

204 2566 275 2641 duo
300 2566 335 2641 se
364 2536 500 2673 habere
519 2558 702 2663 putabant
719 2562 925 2664 grauilllma
949 2564 1136 2697 praesidia
1149 2590 1265 2668 eaque

201 2680 328 2778 inipsa
357 2679 558 2755 hominum
582 2692 712 2753 natura
733 2677 907 2766 fundata,
946 2683 987 2755 in
1016 2683 1152 2779 quibus
1186 2695 1265 2759 tan-

200 2817 307 2892 quam
336 2797 483 2869 ancoris
505 2807 584 2868 tota
614 2792 723 2867 staret
747 2816 842 2891 resp.
872 2793 1026 2871 alterum
1051 2792 1265 2875 nutritionis

200 2926 234 2983 et
256 2910 507 2995 educationis,
542 2906 671 3006 legum
692 2905 914 3005 praescripto
937 2906 1107 2985 definitae
1128 2925 1165 2987 et
1188 2934 1264 2987 ma·

198 3025 362 3121 gistratus
383 3024 590 3120 cognitioni
606 3034 643 3095 et
659 3020 874 3119 inspeslioni
892 3020 1078 3112 subrectae,
1095 3022 1264 3115 alterum,

199 3139 300 3237 quod
330 3136 406 3235 ipsa
431 3137 494 3211 illa
512 3136 739 3212 educationis
765 3133 955 3233 disciplina
982 3132 1157 3225 efficitur,
1196 3160 1265 3237 pu·

160 3277 161 3286 ¹
197 3253 285 3328 blici'
306 3253 573 3349 domesticique
596 3248 779 3347 exempli,
810 3262 847 3325 et
868 3252 1011 3337 virtutis
1040 3266 1150 3355 atque
1170 3254 1264 3329 inte-

197 3372 336 3463 gritatis
351 3366 513 3465 publicis
535 3365 734 3441 decoribus
757 3378 795 3439 et
823 3364 1050 3441 ornamentis
1075 3364 1266 3443 honoran-

198 3482 258 3556 dae
281 3483 340 3573 ὸ).
403 3478 552 3571 Quibus
574 3474 657 3577 ipfis
682 3479 793 3553 rebus
816 3477 986 3555 effectum
1006 3478 1057 3555 est
1079 3477 1177 3573 hoc,
1210 3494 1262 3573 vt,

199 3594 512 3693 quemadmodum
523 3593 643 3669 nostra
658 3604 755 3667 aetas
776 3595 816 3666 in
838 3594 1012 3669 omnibus
1027 3592 1134 3671 facile
1150 3595 1262 3673 rebus

160 3773 161 3780 a
201 3711 402 3798 antecellit,
445 3730 540 3806 quae
565 3706 612 3784 ad
628 3706 885 3805 disputationis
900 3704 1136 3785 subtilitatem
1159 3710 1262 3787 lbere

198 3822 395 3912 deductae,
434 3824 485 3899 ita
517 3824 714 3997 antiquitas
744 3818 847 3897 fadis
880 3832 918 3897 et
948 3822 1023 3899 vita
1053 3822 1258 4013 praestade'd

1221 3956 1260 4017 11

230 4094 264 4177 i)
286 4094 483 4177 Pythagoras
499 4102 628 4177 rogatus
647 4112 665 4157 a
681 4090 866 4197 Xenophilo
883 4092 1044 4177 quomodo
1058 4091 1229 4157 lilium
1177 4108 1262 4173 op·
1236 4096 1262 4155 i-

299 4200 352 4240 me
373 4178 568 4241 institueret
601 4181 631 4241 el
648 4178 765 4248 τόλιωι
790 4176 1005 4257 εὐνομουμένη
1029 4172 1187 4255 γενηθείη,
1217 4174 1257 4265 fi

297 4264 424 4344 inquit,
441 4282 476 4325 ru
488 4262 844 4369 antaradensem
860 4260 997 4349 iustum
1013 4258 1138 4325 vixeris
1159 4260 1270 4347 orep,

160 4423 161 4430 χ
296 4344 660 4425 ικεινωμύ.

160 4481 164 4620 l

1023 4546 1194 4585 ..α-*ψ
