<?xml version="1.0" encoding="UTF-8"?>
<!DOCTYPE html PUBLIC "-//W3C//DTD XHTML 1.0 Transitional//EN"
    "http://www.w3.org/TR/xhtml1/DTD/xhtml1-transitional.dtd">
<html xmlns="http://www.w3.org/1999/xhtml" xml:lang="en" lang="en">
 <head>
  <title>
</title>
<meta http-equiv="Content-Type" content="text/html;charset=utf-8" />
  <meta name='ocr-system' content='tesseract 3.04.00' />
  <meta name='ocr-capabilities' content='ocr_page ocr_carea ocr_par ocr_line ocrx_word'/>
</head>
<body>
  <div class='ocr_page' id='page_1' title='image "./opvscvlaacademi04heyngoog_0193.png"; bbox 0 0 3292 5134; ppageno 0'>
   <div class='ocr_carea' id='block_1_1' title="bbox 553 510 1255 695">
    <p class='ocr_par' dir='ltr' id='par_1_1' title="bbox 553 510 1255 695">
     <span class='ocr_line' id='line_1_1' title="bbox 553 510 639 535; baseline 0 -8"><span class='ocrx_word' id='word_1_1' title='bbox 553 510 639 535; x_wconf 49' lang='lat' dir='ltr'>f.</span> 
     </span>
     <span class='ocr_line' id='line_1_2' title="bbox 574 570 1255 695; baseline -0.001 -13"><span class='ocrx_word' id='word_1_2' title='bbox 574 570 863 644; x_wconf 38' lang='lat' dir='ltr'>‘&#39;Q-“²⁸“</span> <span class='ocrx_word' id='word_1_3' title='bbox 1005 628 1012 645; x_wconf 85' lang='lat'><strong><em>¹</em></strong></span> <span class='ocrx_word' id='word_1_4' title='bbox 1174 621 1255 695; x_wconf 75' lang='lat'>181..</span> 
     </span>
    </p>
   </div>
   <div class='ocr_carea' id='block_1_2' title="bbox 186 758 1249 866">
    <p class='ocr_par' dir='ltr' id='par_1_2' title="bbox 186 758 1249 866">
     <span class='ocr_line' id='line_1_3' title="bbox 186 758 1249 866; baseline 0.011 -29"><span class='ocrx_word' id='word_1_5' title='bbox 186 774 216 837; x_wconf 76' lang='lat' dir='ltr'>et</span> <span class='ocrx_word' id='word_1_6' title='bbox 239 758 471 860; x_wconf 77' lang='lat' dir='ltr'>Metaponto</span> <span class='ocrx_word' id='word_1_7' title='bbox 493 759 590 837; x_wconf 85' lang='lat' dir='ltr'>inter</span> <span class='ocrx_word' id='word_1_8' title='bbox 612 758 843 840; x_wconf 82' lang='lat' dir='ltr'>Achaeorum</span> <span class='ocrx_word' id='word_1_9' title='bbox 867 764 1035 866; x_wconf 85' lang='lat' dir='ltr'>colonias</span> <span class='ocrx_word' id='word_1_10' title='bbox 1059 763 1163 847; x_wconf 75' lang='lat' dir='ltr'>fuisse</span> <span class='ocrx_word' id='word_1_11' title='bbox 1180 771 1249 849; x_wconf 88' lang='lat' dir='ltr'>do-</span> 
     </span>
    </p>
   </div>
   <div class='ocr_carea' id='block_1_3' title="bbox 186 869 1301 1546">
    <p class='ocr_par' dir='ltr' id='par_1_3' title="bbox 186 869 1301 1546">
     <span class='ocr_line' id='line_1_4' title="bbox 186 869 1248 973; baseline 0.012 -22"><span class='ocrx_word' id='word_1_12' title='bbox 186 869 251 973; x_wconf 72' lang='lat' dir='ltr'>tet]</span> <span class='ocrx_word' id='word_1_13' title='bbox 290 876 349 967; x_wconf 83' lang='lat' dir='ltr'>d).</span> <span class='ocrx_word' id='word_1_14' title='bbox 423 872 656 953; x_wconf 75' lang='lat' dir='ltr'>{amantem</span> <span class='ocrx_word' id='word_1_15' title='bbox 688 875 854 965; x_wconf 83' lang='lat' dir='ltr'>Achaeos</span> <span class='ocrx_word' id='word_1_16' title='bbox 885 903 964 955; x_wconf 93' lang='lat' dir='ltr'>non</span> <span class='ocrx_word' id='word_1_17' title='bbox 989 879 1106 960; x_wconf 89' lang='lat' dir='ltr'>modo</span> <span class='ocrx_word' id='word_1_18' title='bbox 1129 872 1248 965; x_wconf 50' lang='lat' dir='ltr'>‘serius&#39;</span> 
     </span>
     <span class='ocr_line' id='line_1_5' title="bbox 186 988 1248 1088; baseline 0.013 -24"><span class='ocrx_word' id='word_1_19' title='bbox 186 988 326 1081; x_wconf 81' lang='lat' dir='ltr'>&#39;oedere</span> <span class='ocrx_word' id='word_1_20' title='bbox 353 1012 395 1065; x_wconf 84' lang='lat' dir='ltr'>ac</span> <span class='ocrx_word' id='word_1_21' title='bbox 411 989 580 1067; x_wconf 84' lang='lat' dir='ltr'>societate</span> <span class='ocrx_word' id='word_1_22' title='bbox 601 990 765 1088; x_wconf 83' lang='lat' dir='ltr'>plurium</span> <span class='ocrx_word' id='word_1_23' title='bbox 782 995 974 1071; x_wconf 84' lang='lat' dir='ltr'>ciuitatum</span> <span class='ocrx_word' id='word_1_24' title='bbox 988 996 1091 1087; x_wconf 76' lang='lat' dir='ltr'>ludia,</span> <span class='ocrx_word' id='word_1_25' title='bbox 1116 1022 1248 1079; x_wconf 86' lang='lat' dir='ltr'>veruna</span> 
     </span>
     <span class='ocr_line' id='line_1_6' title="bbox 186 1104 1246 1203; baseline 0.013 -24"><span class='ocrx_word' id='word_1_26' title='bbox 186 1108 285 1179; x_wconf 85' lang='lat' dir='ltr'>:tiam</span> <span class='ocrx_word' id='word_1_27' title='bbox 310 1106 513 1203; x_wconf 84' lang='lat' dir='ltr'>antiquitus</span> <span class='ocrx_word' id='word_1_28' title='bbox 537 1104 710 1202; x_wconf 88' lang='lat' dir='ltr'>populari</span> <span class='ocrx_word' id='word_1_29' title='bbox 725 1104 818 1182; x_wconf 86' lang='lat' dir='ltr'>statu</span> <span class='ocrx_word' id='word_1_30' title='bbox 841 1110 1006 1187; x_wconf 77' lang='lat' dir='ltr'>ciuitates</span> <span class='ocrx_word' id='word_1_31' title='bbox 1021 1111 1100 1189; x_wconf 88' lang='lat' dir='ltr'>suas</span> <span class='ocrx_word' id='word_1_32' title='bbox 1115 1116 1246 1193; x_wconf 88' lang='lat' dir='ltr'>mode-</span> 
     </span>
     <span class='ocr_line' id='line_1_7' title="bbox 186 1214 1301 1327; baseline 0.012 -34"><span class='ocrx_word' id='word_1_33' title='bbox 186 1234 272 1295; x_wconf 81' lang='lat' dir='ltr'>:atos</span> <span class='ocrx_word' id='word_1_34' title='bbox 300 1214 369 1295; x_wconf 83' lang='lat' dir='ltr'>elle</span> <span class='ocrx_word' id='word_1_35' title='bbox 399 1216 479 1293; x_wconf 85' lang='lat' dir='ltr'>latis</span> <span class='ocrx_word' id='word_1_36' title='bbox 502 1219 641 1294; x_wconf 86' lang='lat' dir='ltr'>constat</span> <span class='ocrx_word' id='word_1_37' title='bbox 656 1219 718 1295; x_wconf 76' lang='lat' dir='ltr'>&#39;vel</span> <span class='ocrx_word' id='word_1_38' title='bbox 739 1242 785 1297; x_wconf 86' lang='lat' dir='ltr'>ex</span> <span class='ocrx_word' id='word_1_39' title='bbox 808 1220 970 1320; x_wconf 86' lang='lat' dir='ltr'>Polybio</span> <span class='ocrx_word' id='word_1_40' title='bbox 995 1222 1080 1325; x_wconf 91' lang='lat' dir='ltr'>(lib.</span> <span class='ocrx_word' id='word_1_41' title='bbox 1090 1225 1243 1327; x_wconf 77' lang='lat'>11‚41);</span> <span class='ocrx_word' id='word_1_42' title='bbox 1292 1308 1301 1321; x_wconf 70' lang='grc'><strong><em>,</em></strong></span> 
     </span>
     <span class='ocr_line' id='line_1_8' title="bbox 186 1330 1245 1444; baseline 0.015 -37"><span class='ocrx_word' id='word_1_43' title='bbox 186 1330 415 1431; x_wconf 76' lang='lat' dir='ltr'>poi-sanioris</span> <span class='ocrx_word' id='word_1_44' title='bbox 442 1332 700 1410; x_wconf 83' lang='lat' dir='ltr'>&#39;democratiue</span> <span class='ocrx_word' id='word_1_45' title='bbox 729 1336 944 1437; x_wconf 85' lang='lat' dir='ltr'>exemplum</span> <span class='ocrx_word' id='word_1_46' title='bbox 976 1364 1040 1417; x_wconf 85' lang='lat' dir='ltr'>eos</span> <span class='ocrx_word' id='word_1_47' title='bbox 1064 1348 1245 1444; x_wconf 77' lang='lat' dir='ltr'><strong>proponit</strong></span> 
     </span>
     <span class='ocr_line' id='line_1_9' title="bbox 186 1442 1245 1546; baseline 0.013 -25"><span class='ocrx_word' id='word_1_48' title='bbox 186 1451 398 1538; x_wconf 78' lang='lat' dir='ltr'>minume).</span> <span class='ocrx_word' id='word_1_49' title='bbox 469 1442 601 1546; x_wconf 84' lang='lat' dir='ltr'>ltaque</span> <span class='ocrx_word' id='word_1_50' title='bbox 624 1472 710 1525; x_wconf 87' lang='lat' dir='ltr'>cunr</span> <span class='ocrx_word' id='word_1_51' title='bbox 737 1450 908 1528; x_wconf 84' lang='lat' dir='ltr'>coloniae</span> <span class='ocrx_word' id='word_1_52' title='bbox 933 1455 1099 1546; x_wconf 77' lang='lat' dir='ltr'>arbium,</span> <span class='ocrx_word' id='word_1_53' title='bbox 1144 1459 1245 1536; x_wconf 84' lang='lat' dir='ltr'>vnde</span> 
     </span>
    </p>
   </div>
   <div class='ocr_carea' id='block_1_4' title="bbox 186 1560 1424 1665">
    <p class='ocr_par' dir='ltr' id='par_1_4' title="bbox 186 1560 1424 1665">
     <span class='ocr_line' id='line_1_10' title="bbox 186 1560 1424 1665; baseline 0.006 -26"><span class='ocrx_word' id='word_1_54' title='bbox 186 1560 349 1639; x_wconf 73' lang='lat' dir='ltr'>ledutlae</span> <span class='ocrx_word' id='word_1_55' title='bbox 377 1574 499 1651; x_wconf 87' lang='lat' dir='ltr'>erant,</span> <span class='ocrx_word' id='word_1_56' title='bbox 539 1564 617 1640; x_wconf 84' lang='lat' dir='ltr'>iura</span> <span class='ocrx_word' id='word_1_57' title='bbox 642 1587 839 1665; x_wconf 89' lang='lat' dir='ltr'>moresque</span> <span class='ocrx_word' id='word_1_58' title='bbox 868 1567 1087 1662; x_wconf 80' lang='lat' dir='ltr'>retinerent,</span> <span class='ocrx_word' id='word_1_59' title='bbox 1127 1576 1245 1649; x_wconf 86' lang='lat' dir='ltr'>mani-</span> <span class='ocrx_word' id='word_1_60' title='bbox 1382 1632 1424 1646; x_wconf 29' lang='lat' dir='ltr'>,f</span> 
     </span>
    </p>
   </div>
   <div class='ocr_carea' id='block_1_5' title="bbox 675 1676 1245 1799">
    <p class='ocr_par' dir='ltr' id='par_1_5' title="bbox 675 1676 1245 1799">
     <span class='ocr_line' id='line_1_11' title="bbox 675 1676 1245 1799; baseline 0.016 -44"><span class='ocrx_word' id='word_1_61' title='bbox 675 1676 721 1755; x_wconf 88' lang='grc' dir='ltr'><strong>Μ</strong></span> <span class='ocrx_word' id='word_1_62' title='bbox 755 1704 772 1773; x_wconf 85' lang='lat'><em>3</em></span> <span class='ocrx_word' id='word_1_63' title='bbox 925 1790 929 1794; x_wconf 43' lang='lat'>‚</span> <span class='ocrx_word' id='word_1_64' title='bbox 1111 1686 1245 1799; x_wconf 82' lang='lat' dir='ltr'>festum</span> 
     </span>
    </p>
   </div>
   <div class='ocr_carea' id='block_1_6' title="bbox 279 1886 1246 2313">
    <p class='ocr_par' dir='ltr' id='par_1_6' title="bbox 279 1886 1246 2313">
     <span class='ocr_line' id='line_1_12' title="bbox 285 1886 1244 1969; baseline 0.011 -19"><span class='ocrx_word' id='word_1_65' title='bbox 285 1886 373 1951; x_wconf 82' lang='lat' dir='ltr'>verl&#39;u</span> <span class='ocrx_word' id='word_1_66' title='bbox 395 1886 511 1963; x_wconf 74' lang='lat' dir='ltr'>law,</span> <span class='ocrx_word' id='word_1_67' title='bbox 529 1904 580 1963; x_wconf 76' lang='lat'>3-2.</span> <span class='ocrx_word' id='word_1_68' title='bbox 612 1886 810 1969; x_wconf 72' lang='lat' dir='ltr'>Zacynthum</span> <span class='ocrx_word' id='word_1_69' title='bbox 837 1890 981 1957; x_wconf 69' lang='lat' dir='ltr'>¹aduocat.</span> <span class='ocrx_word' id='word_1_70' title='bbox 1037 1894 1107 1959; x_wconf 86' lang='lat' dir='ltr'>Nec</span> <span class='ocrx_word' id='word_1_71' title='bbox 1136 1905 1244 1961; x_wconf 85' lang='lat' dir='ltr'>tamea</span> 
     </span>
     <span class='ocr_line' id='line_1_13' title="bbox 282 1971 1246 2061; baseline 0.007 -26"><span class='ocrx_word' id='word_1_72' title='bbox 282 1971 341 2036; x_wconf 88' lang='lat' dir='ltr'>nili</span> <span class='ocrx_word' id='word_1_73' title='bbox 361 1972 429 2055; x_wconf 82' lang='lat' dir='ltr'>casu</span> <span class='ocrx_word' id='word_1_74' title='bbox 444 1974 535 2037; x_wconf 84' lang='lat' dir='ltr'>vrbea</span> <span class='ocrx_word' id='word_1_75' title='bbox 553 1975 586 2035; x_wconf 88' lang='lat' dir='ltr'>in</span> <span class='ocrx_word' id='word_1_76' title='bbox 606 1994 645 2034; x_wconf 90' lang='lat' dir='ltr'>eo</span> <span class='ocrx_word' id='word_1_77' title='bbox 667 1972 755 2037; x_wconf 84' lang='lat' dir='ltr'>versu</span> <span class='ocrx_word' id='word_1_78' title='bbox 775 1973 899 2061; x_wconf 69' lang='lat' dir='ltr'>inustae</span> <span class='ocrx_word' id='word_1_79' title='bbox 920 1982 1101 2043; x_wconf 86' lang='lat' dir='ltr'>occurrunt.</span> <span class='ocrx_word' id='word_1_80' title='bbox 1143 1981 1246 2045; x_wconf 84' lang='lat' dir='ltr'>Scho-</span> 
     </span>
     <span class='ocr_line' id='line_1_14' title="bbox 281 2056 1243 2145; baseline 0.008 -26"><span class='ocrx_word' id='word_1_81' title='bbox 281 2056 363 2139; x_wconf 85' lang='lat' dir='ltr'>lium</span> <span class='ocrx_word' id='word_1_82' title='bbox 389 2056 489 2137; x_wconf 81' lang='lat' dir='ltr'>inepti</span> <span class='ocrx_word' id='word_1_83' title='bbox 518 2056 655 2119; x_wconf 84' lang='lat' dir='ltr'>liominia</span> <span class='ocrx_word' id='word_1_84' title='bbox 686 2056 739 2121; x_wconf 87' lang='lat' dir='ltr'>est.</span> <span class='ocrx_word' id='word_1_85' title='bbox 804 2059 854 2125; x_wconf 87' lang='lat' dir='ltr'>De</span> <span class='ocrx_word' id='word_1_86' title='bbox 879 2061 1025 2125; x_wconf 87' lang='lat' dir='ltr'>Pandofia</span> <span class='ocrx_word' id='word_1_87' title='bbox 1054 2063 1243 2145; x_wconf 77' lang='lat' dir='ltr'>cogitabam,</span> 
     </span>
     <span class='ocr_line' id='line_1_15' title="bbox 280 2140 1243 2229; baseline 0.012 -28"><span class='ocrx_word' id='word_1_88' title='bbox 280 2140 374 2203; x_wconf 80' lang='lat' dir='ltr'>cuiue</span> <span class='ocrx_word' id='word_1_89' title='bbox 398 2160 470 2204; x_wconf 84' lang='lat' dir='ltr'>cunr</span> <span class='ocrx_word' id='word_1_90' title='bbox 493 2140 631 2204; x_wconf 86' lang='lat' dir='ltr'>Crotone</span> <span class='ocrx_word' id='word_1_91' title='bbox 649 2160 762 2221; x_wconf 89' lang='lat' dir='ltr'>nomen</span> <span class='ocrx_word' id='word_1_92' title='bbox 784 2142 927 2218; x_wconf 72' lang='lat' dir='ltr'>inuitum</span> <span class='ocrx_word' id='word_1_93' title='bbox 946 2144 982 2210; x_wconf 81' lang='lat' dir='ltr'>in.</span> <span class='ocrx_word' id='word_1_94' title='bbox 994 2145 1060 2208; x_wconf 80' lang='lat' dir='ltr'>alio</span> <span class='ocrx_word' id='word_1_95' title='bbox 1081 2166 1178 2210; x_wconf 87' lang='lat' dir='ltr'>numo</span> <span class='ocrx_word' id='word_1_96' title='bbox 1190 2144 1243 2229; x_wconf 70' lang='grc' dir='ltr'>αρ’.</span> 
     </span>
     <span class='ocr_line' id='line_1_16' title="bbox 279 2223 823 2313; baseline 0.009 -29"><span class='ocrx_word' id='word_1_97' title='bbox 279 2224 428 2306; x_wconf 82' lang='lat' dir='ltr'>Magnam</span> <span class='ocrx_word' id='word_1_98' title='bbox 447 2226 547 2290; x_wconf 88' lang='lat' dir='ltr'>Brutt.</span> <span class='ocrx_word' id='word_1_99' title='bbox 568 2234 591 2289; x_wconf 89' lang='lat' dir='ltr'>t.</span> <span class='ocrx_word' id='word_1_100' title='bbox 603 2223 654 2305; x_wconf 56' lang='lat' dir='ltr'>87ss</span> <span class='ocrx_word' id='word_1_101' title='bbox 677 2226 823 2313; x_wconf 73' lang='lat' dir='ltr'>occurrit.</span> 
     </span>
    </p>
   </div>
   <div class='ocr_carea' id='block_1_7' title="bbox 219 2354 1288 2695">
    <p class='ocr_par' dir='ltr' id='par_1_7' title="bbox 219 2354 1288 2695">
     <span class='ocr_line' id='line_1_17' title="bbox 219 2354 1245 2439; baseline 0.004 -16"><span class='ocrx_word' id='word_1_102' title='bbox 219 2356 253 2439; x_wconf 84' lang='lat' dir='ltr'>d)</span> <span class='ocrx_word' id='word_1_103' title='bbox 270 2357 432 2423; x_wconf 72' lang='lat' dir='ltr'>Pausanias</span> <span class='ocrx_word' id='word_1_104' title='bbox 453 2354 557 2427; x_wconf 85' lang='lat' dir='ltr'>tamen</span> <span class='ocrx_word' id='word_1_105' title='bbox 577 2358 811 2426; x_wconf 73' lang='lat' dir='ltr'>Lacedaemone</span> <span class='ocrx_word' id='word_1_106' title='bbox 824 2360 980 2427; x_wconf 87' lang='lat' dir='ltr'>coloniam</span> <span class='ocrx_word' id='word_1_107' title='bbox 1000 2362 1170 2428; x_wconf 75' lang='lat' dir='ltr'>Crotonem</span> <span class='ocrx_word' id='word_1_108' title='bbox 1186 2363 1245 2427; x_wconf 85' lang='lat' dir='ltr'>de·</span> 
     </span>
     <span class='ocr_line' id='line_1_18' title="bbox 280 2442 1273 2530; baseline 0.006 -25"><span class='ocrx_word' id='word_1_109' title='bbox 280 2442 407 2507; x_wconf 76' lang='lat' dir='ltr'>dustam</span> <span class='ocrx_word' id='word_1_110' title='bbox 422 2451 592 2517; x_wconf 88' lang='lat' dir='ltr'>memorat,</span> <span class='ocrx_word' id='word_1_111' title='bbox 613 2462 671 2507; x_wconf 83' lang='lat' dir='ltr'>vna</span> <span class='ocrx_word' id='word_1_112' title='bbox 691 2464 764 2511; x_wconf 91' lang='lat' dir='ltr'>cum</span> <span class='ocrx_word' id='word_1_113' title='bbox 779 2445 893 2522; x_wconf 68' lang='lat' dir='ltr'>ultera,</span> <span class='ocrx_word' id='word_1_114' title='bbox 916 2446 1038 2511; x_wconf 86' lang='lat' dir='ltr'>Locroa</span> <span class='ocrx_word' id='word_1_115' title='bbox 1059 2446 1243 2530; x_wconf 81' lang='lat' dir='ltr'>Epizephy-</span> <span class='ocrx_word' id='word_1_116' title='bbox 1268 2444 1273 2450; x_wconf 76' lang='grc'><strong>’</strong></span> 
     </span>
     <span class='ocr_line' id='line_1_19' title="bbox 282 2526 1243 2614; baseline 0.006 -25"><span class='ocrx_word' id='word_1_117' title='bbox 282 2530 349 2589; x_wconf 90' lang='lat' dir='ltr'>rios</span> <span class='ocrx_word' id='word_1_118' title='bbox 373 2526 473 2601; x_wconf 78' lang='lat' dir='ltr'>duita,</span> <span class='ocrx_word' id='word_1_119' title='bbox 496 2528 577 2589; x_wconf 90' lang='lat' dir='ltr'>circa</span> <span class='ocrx_word' id='word_1_120' title='bbox 600 2547 715 2591; x_wconf 87' lang='lat' dir='ltr'>annum</span> <span class='ocrx_word' id='word_1_121' title='bbox 731 2549 758 2593; x_wconf 90' lang='lat' dir='ltr'>a.</span> <span class='ocrx_word' id='word_1_122' title='bbox 769 2528 803 2595; x_wconf 85' lang='lat' dir='ltr'>C.</span> <span class='ocrx_word' id='word_1_123' title='bbox 813 2527 887 2611; x_wconf 78' lang='lat'>723.</span> <span class='ocrx_word' id='word_1_124' title='bbox 914 2530 1069 2614; x_wconf 83' lang='lat' dir='ltr'>Polydoro</span> <span class='ocrx_word' id='word_1_125' title='bbox 1090 2542 1243 2614; x_wconf 78' lang='lat' dir='ltr'>regnante</span> 
     </span>
     <span class='ocr_line' id='line_1_20' title="bbox 279 2610 1288 2695; baseline 0.005 -21"><span class='ocrx_word' id='word_1_126' title='bbox 279 2611 335 2678; x_wconf 84' lang='lat' dir='ltr'>lit.</span> <span class='ocrx_word' id='word_1_127' title='bbox 348 2610 399 2689; x_wconf 86' lang='grc' dir='ltr'>ΙΙΙ,</span> <span class='ocrx_word' id='word_1_128' title='bbox 419 2630 450 2691; x_wconf 83' lang='grc'>3.</span> <span class='ocrx_word' id='word_1_129' title='bbox 475 2630 539 2673; x_wconf 88' lang='lat' dir='ltr'>neo</span> <span class='ocrx_word' id='word_1_130' title='bbox 552 2610 606 2672; x_wconf 90' lang='lat' dir='ltr'>diu</span> <span class='ocrx_word' id='word_1_131' title='bbox 627 2610 771 2695; x_wconf 84' lang='lat' dir='ltr'>posthaec</span> <span class='ocrx_word' id='word_1_132' title='bbox 792 2613 963 2677; x_wconf 81' lang='lat' dir='ltr'>Tarentum</span> <span class='ocrx_word' id='word_1_133' title='bbox 982 2617 1157 2682; x_wconf 84' lang='lat' dir='ltr'>conditum.</span> <span class='ocrx_word' id='word_1_134' title='bbox 1285 2671 1288 2679; x_wconf 90' lang='lat'><em>.</em></span> 
     </span>
    </p>
   </div>
   <div class='ocr_carea' id='block_1_8' title="bbox 216 2733 1329 3839">
    <p class='ocr_par' dir='ltr' id='par_1_8' title="bbox 216 2733 1329 3839">
     <span class='ocr_line' id='line_1_21' title="bbox 216 2733 1324 2833; baseline 0.005 -25"><span class='ocrx_word' id='word_1_135' title='bbox 216 2746 249 2827; x_wconf 90' lang='lat' dir='ltr'>e)</span> <span class='ocrx_word' id='word_1_136' title='bbox 270 2746 410 2813; x_wconf 84' lang='lat' dir='ltr'>Obscura</span> <span class='ocrx_word' id='word_1_137' title='bbox 430 2748 473 2813; x_wconf 87' lang='lat' dir='ltr'>cst</span> <span class='ocrx_word' id='word_1_138' title='bbox 489 2752 592 2815; x_wconf 84' lang='lat' dir='ltr'>omnia</span> <span class='ocrx_word' id='word_1_139' title='bbox 615 2753 772 2833; x_wconf 85' lang='lat' dir='ltr'>antiquior</span> <span class='ocrx_word' id='word_1_140' title='bbox 784 2752 924 2815; x_wconf 87' lang='lat' dir='ltr'>Achaiae</span> <span class='ocrx_word' id='word_1_141' title='bbox 944 2738 1114 2817; x_wconf 73' lang='lat' dir='ltr'>memoria:</span> <span class='ocrx_word' id='word_1_142' title='bbox 1134 2733 1241 2833; x_wconf 62' lang='lat' dir='ltr'>itaque</span> <span class='ocrx_word' id='word_1_143' title='bbox 1321 2750 1324 2759; x_wconf 81' lang='grc'><em>’</em></span> 
     </span>
     <span class='ocr_line' id='line_1_22' title="bbox 279 2830 1329 2915; baseline 0 -20"><span class='ocrx_word' id='word_1_144' title='bbox 279 2853 342 2895; x_wconf 89' lang='lat' dir='ltr'>nec</span> <span class='ocrx_word' id='word_1_145' title='bbox 364 2830 435 2897; x_wconf 83' lang='lat' dir='ltr'>satia</span> <span class='ocrx_word' id='word_1_146' title='bbox 458 2845 598 2903; x_wconf 83' lang='lat' dir='ltr'>accurate</span> <span class='ocrx_word' id='word_1_147' title='bbox 619 2834 740 2898; x_wconf 84' lang='lat' dir='ltr'>definiti</span> <span class='ocrx_word' id='word_1_148' title='bbox 762 2832 846 2915; x_wconf 80' lang='lat' dir='ltr'>polle</span> <span class='ocrx_word' id='word_1_149' title='bbox 866 2836 969 2910; x_wconf 83' lang='lat' dir='ltr'>video,</span> <span class='ocrx_word' id='word_1_150' title='bbox 991 2855 1085 2915; x_wconf 86' lang='lat' dir='ltr'>aquo</span> <span class='ocrx_word' id='word_1_151' title='bbox 1098 2844 1244 2914; x_wconf 84' lang='lat' dir='ltr'>temporo</span> <span class='ocrx_word' id='word_1_152' title='bbox 1325 2860 1329 2865; x_wconf 38' lang='lat'>⁸</span> 
     </span>
     <span class='ocr_line' id='line_1_23' title="bbox 283 2916 1242 3013; baseline -0.004 -30"><span class='ocrx_word' id='word_1_153' title='bbox 283 2916 425 2983; x_wconf 77' lang='lat' dir='ltr'>Achaiae</span> <span class='ocrx_word' id='word_1_154' title='bbox 444 2920 534 2984; x_wconf 76' lang='lat' dir='ltr'>arbes</span> <span class='ocrx_word' id='word_1_155' title='bbox 555 2920 695 3000; x_wconf 80' lang='lat' dir='ltr'>populari</span> <span class='ocrx_word' id='word_1_156' title='bbox 714 2919 792 2983; x_wconf 88' lang='lat' dir='ltr'>statu</span> <span class='ocrx_word' id='word_1_157' title='bbox 812 2917 856 2980; x_wconf 85' lang='lat' dir='ltr'>vii</span> <span class='ocrx_word' id='word_1_158' title='bbox 876 2918 945 2981; x_wconf 84' lang='lat' dir='ltr'>fiat.</span> <span class='ocrx_word' id='word_1_159' title='bbox 989 2918 1095 3000; x_wconf 82' lang='lat' dir='ltr'>Locos</span> <span class='ocrx_word' id='word_1_160' title='bbox 1117 2916 1242 3013; x_wconf 68' lang='lat' dir='ltr'>polybii</span> 
     </span>
     <span class='ocr_line' id='line_1_24' title="bbox 282 2997 1243 3085; baseline 0.004 -24"><span class='ocrx_word' id='word_1_161' title='bbox 282 2998 443 3077; x_wconf 79' lang='lat' dir='ltr'>laudatur,</span> <span class='ocrx_word' id='word_1_162' title='bbox 466 3002 521 3085; x_wconf 88' lang='lat' dir='ltr'>qui</span> <span class='ocrx_word' id='word_1_163' title='bbox 538 3013 609 3067; x_wconf 85' lang='lat' dir='ltr'>curn</span> <span class='ocrx_word' id='word_1_164' title='bbox 630 3002 782 3067; x_wconf 82' lang='lat' dir='ltr'>Strabone</span> <span class='ocrx_word' id='word_1_165' title='bbox 804 3002 906 3084; x_wconf 83' lang='lat' dir='ltr'>(atqui</span> <span class='ocrx_word' id='word_1_166' title='bbox 930 3001 958 3063; x_wconf 86' lang='lat' dir='ltr'>ia</span> <span class='ocrx_word' id='word_1_167' title='bbox 980 3003 1024 3062; x_wconf 75' lang='lat' dir='ltr'>ert</span> <span class='ocrx_word' id='word_1_168' title='bbox 1038 2997 1243 3082; x_wconf 71' lang='lat' dir='ltr'>istopetriffo</span> 
     </span>
     <span class='ocr_line' id='line_1_25' title="bbox 285 3082 1240 3167; baseline -0.002 -22"><span class='ocrx_word' id='word_1_169' title='bbox 285 3086 409 3147; x_wconf 82' lang='lat' dir='ltr'>ridetur</span> <span class='ocrx_word' id='word_1_170' title='bbox 437 3084 585 3153; x_wconf 89' lang='lat' dir='ltr'>llb.Vill.</span> <span class='ocrx_word' id='word_1_171' title='bbox 616 3086 808 3167; x_wconf 79' lang='lat' dir='ltr'>p.589.A.)</span> <span class='ocrx_word' id='word_1_172' title='bbox 836 3084 945 3147; x_wconf 83' lang='lat' dir='ltr'>vnicua</span> <span class='ocrx_word' id='word_1_173' title='bbox 973 3082 1018 3147; x_wconf 86' lang='lat' dir='ltr'>est</span> <span class='ocrx_word' id='word_1_174' title='bbox 1042 3084 1165 3165; x_wconf 86' lang='lat' dir='ltr'>hacde</span> <span class='ocrx_word' id='word_1_175' title='bbox 1193 3101 1240 3157; x_wconf 85' lang='lat' dir='ltr'>re,</span> 
     </span>
     <span class='ocr_line' id='line_1_26' title="bbox 265 3164 1241 3249; baseline -0.002 -18"><span class='ocrx_word' id='word_1_176' title='bbox 265 3172 355 3249; x_wconf 82' lang='lat' dir='ltr'>&#39;nam</span> <span class='ocrx_word' id='word_1_177' title='bbox 379 3168 411 3229; x_wconf 92' lang='lat' dir='ltr'>in</span> <span class='ocrx_word' id='word_1_178' title='bbox 433 3168 596 3239; x_wconf 86' lang='lat' dir='ltr'>Paus.Vll‚</span> <span class='ocrx_word' id='word_1_179' title='bbox 615 3188 643 3237; x_wconf 89' lang='lat'>1.</span> <span class='ocrx_word' id='word_1_180' title='bbox 669 3180 701 3232; x_wconf 86' lang='lat' dir='ltr'>et</span> <span class='ocrx_word' id='word_1_181' title='bbox 725 3174 754 3235; x_wconf 86' lang='grc' dir='ltr'>ό.</span> <span class='ocrx_word' id='word_1_182' title='bbox 776 3167 890 3241; x_wconf 76' lang='lat' dir='ltr'>nihil,</span> <span class='ocrx_word' id='word_1_183' title='bbox 908 3167 997 3249; x_wconf 86' lang='lat' dir='ltr'>quod</span> <span class='ocrx_word' id='word_1_184' title='bbox 1021 3167 1085 3231; x_wconf 85' lang='lat' dir='ltr'>buc</span> <span class='ocrx_word' id='word_1_185' title='bbox 1112 3164 1241 3247; x_wconf 68' lang='lat' dir='ltr'>spartea,</span> 
     </span>
     <span class='ocr_line' id='line_1_27' title="bbox 281 3249 1279 3335; baseline -0.002 -21"><span class='ocrx_word' id='word_1_186' title='bbox 281 3252 425 3332; x_wconf 80' lang='lat' dir='ltr'>reperio,</span> <span class='ocrx_word' id='word_1_187' title='bbox 456 3253 503 3326; x_wconf 79' lang='lat' dir='ltr'>is,</span> <span class='ocrx_word' id='word_1_188' title='bbox 525 3254 671 3335; x_wconf 85' lang='lat' dir='ltr'>inquam,</span> <span class='ocrx_word' id='word_1_189' title='bbox 693 3254 766 3315; x_wconf 89' lang='lat' dir='ltr'>inde</span> <span class='ocrx_word' id='word_1_190' title='bbox 786 3272 805 3314; x_wconf 89' lang='lat' dir='ltr'>a</span> <span class='ocrx_word' id='word_1_191' title='bbox 822 3250 988 3315; x_wconf 73' lang='lat' dir='ltr'>Tisameno</span> <span class='ocrx_word' id='word_1_192' title='bbox 1007 3249 1124 3317; x_wconf 86' lang='lat' dir='ltr'>Orestia</span> <span class='ocrx_word' id='word_1_193' title='bbox 1144 3250 1169 3316; x_wconf 84' lang='lat' dir='ltr'>f.</span> <span class='ocrx_word' id='word_1_194' title='bbox 1191 3269 1243 3312; x_wconf 89' lang='lat' dir='ltr'>re·</span> <span class='ocrx_word' id='word_1_195' title='bbox 1270 3320 1279 3331; x_wconf 47' lang='lat'>‚</span> 
     </span>
     <span class='ocr_line' id='line_1_28' title="bbox 280 3325 1240 3419; baseline 0 -23"><span class='ocrx_word' id='word_1_196' title='bbox 280 3354 340 3419; x_wconf 87' lang='lat' dir='ltr'>ges</span> <span class='ocrx_word' id='word_1_197' title='bbox 359 3332 492 3400; x_wconf 81' lang='lat' dir='ltr'>habuisse</span> <span class='ocrx_word' id='word_1_198' title='bbox 511 3336 655 3401; x_wconf 73' lang='lat' dir='ltr'>Achaeon</span> <span class='ocrx_word' id='word_1_199' title='bbox 668 3325 796 3401; x_wconf 78' lang='lat' dir='ltr'>tollatur</span> <span class='ocrx_word' id='word_1_200' title='bbox 817 3354 916 3419; x_wconf 78' lang='lat' dir='ltr'>arque</span> <span class='ocrx_word' id='word_1_201' title='bbox 935 3335 972 3397; x_wconf 86' lang='lat' dir='ltr'>ad</span> <span class='ocrx_word' id='word_1_202' title='bbox 986 3355 1092 3418; x_wconf 80' lang='lat' dir='ltr'>regem</span> <span class='ocrx_word' id='word_1_203' title='bbox 1104 3334 1240 3419; x_wconf 82' lang='lat' dir='ltr'>Gygen,</span> 
     </span>
     <span class='ocr_line' id='line_1_29' title="bbox 280 3418 1243 3500; baseline -0.002 -19"><span class='ocrx_word' id='word_1_204' title='bbox 280 3420 377 3482; x_wconf 78' lang='lat' dir='ltr'>cuius</span> <span class='ocrx_word' id='word_1_205' title='bbox 397 3418 482 3481; x_wconf 86' lang='lat' dir='ltr'>tilios</span> <span class='ocrx_word' id='word_1_206' title='bbox 509 3420 647 3484; x_wconf 72' lang='lat' dir='ltr'>auersati‘</span> <span class='ocrx_word' id='word_1_207' title='bbox 664 3420 712 3483; x_wconf 90' lang='lat' dir='ltr'>illi</span> <span class='ocrx_word' id='word_1_208' title='bbox 733 3420 811 3500; x_wconf 82' lang='lat' dir='ltr'>reip.</span> <span class='ocrx_word' id='word_1_209' title='bbox 833 3418 903 3483; x_wconf 86' lang='lat' dir='ltr'>luae</span> <span class='ocrx_word' id='word_1_210' title='bbox 931 3420 1118 3482; x_wconf 73' lang='lat' dir='ltr'>formamiu</span> <span class='ocrx_word' id='word_1_211' title='bbox 1138 3437 1243 3500; x_wconf 87' lang='lat' dir='ltr'>popu-</span> 
     </span>
     <span class='ocr_line' id='line_1_30' title="bbox 279 3498 1279 3587; baseline -0.005 -20"><span class='ocrx_word' id='word_1_212' title='bbox 279 3503 379 3567; x_wconf 80' lang='lat' dir='ltr'>larem</span> <span class='ocrx_word' id='word_1_213' title='bbox 406 3502 516 3565; x_wconf 82' lang='lat' dir='ltr'>statum</span> <span class='ocrx_word' id='word_1_214' title='bbox 544 3498 722 3579; x_wconf 78' lang='lat' dir='ltr'>mutarunt,</span> <span class='ocrx_word' id='word_1_215' title='bbox 759 3513 852 3587; x_wconf 83' lang='lat' dir='ltr'>quein</span> <span class='ocrx_word' id='word_1_216' title='bbox 876 3517 980 3587; x_wconf 70' lang='lat' dir='ltr'>‘aeque</span> <span class='ocrx_word' id='word_1_217' title='bbox 998 3503 1047 3565; x_wconf 81' lang='lat' dir='ltr'>‘ad</span> <span class='ocrx_word' id='word_1_218' title='bbox 1072 3499 1243 3565; x_wconf 74' lang='lat' dir='ltr'>Alexandri</span> <span class='ocrx_word' id='word_1_219' title='bbox 1275 3504 1279 3511; x_wconf 88' lang='grc'><em>“</em></span> 
     </span>
     <span class='ocr_line' id='line_1_31' title="bbox 281 3583 1241 3673; baseline -0.003 -26"><span class='ocrx_word' id='word_1_220' title='bbox 281 3601 429 3671; x_wconf 82' lang='lat' dir='ltr'>tempora</span> <span class='ocrx_word' id='word_1_221' title='bbox 453 3587 626 3661; x_wconf 76' lang='lat' dir='ltr'>retinuere,</span> <span class='ocrx_word' id='word_1_222' title='bbox 655 3589 778 3673; x_wconf 88' lang='lat' dir='ltr'>quando</span> <span class='ocrx_word' id='word_1_223' title='bbox 799 3586 949 3650; x_wconf 84' lang='lat' dir='ltr'>discordia</span> <span class='ocrx_word' id='word_1_224' title='bbox 968 3586 1090 3651; x_wconf 78' lang='lat' dir='ltr'>urbium</span> <span class='ocrx_word' id='word_1_225' title='bbox 1114 3583 1241 3650; x_wconf 80' lang='lat' dir='ltr'>ooohlia</span> 
     </span>
     <span class='ocr_line' id='line_1_32' title="bbox 280 3666 1241 3751; baseline -0.005 -18"><span class='ocrx_word' id='word_1_226' title='bbox 280 3666 439 3745; x_wconf 79' lang='lat' dir='ltr'>distraxit,</span> <span class='ocrx_word' id='word_1_227' title='bbox 465 3672 566 3735; x_wconf 92' lang='lat' dir='ltr'>donec</span> <span class='ocrx_word' id='word_1_228' title='bbox 585 3668 760 3735; x_wconf 85' lang='lat' dir='ltr'>restitutum</span> <span class='ocrx_word' id='word_1_229' title='bbox 779 3667 824 3735; x_wconf 87' lang='lat' dir='ltr'>est</span> <span class='ocrx_word' id='word_1_230' title='bbox 844 3671 1008 3751; x_wconf 80' lang='lat' dir='ltr'>antiquum</span> <span class='ocrx_word' id='word_1_231' title='bbox 1026 3666 1104 3751; x_wconf 87' lang='lat' dir='ltr'>illud</span> <span class='ocrx_word' id='word_1_232' title='bbox 1117 3669 1241 3744; x_wconf 72' lang='lat' dir='ltr'>orbium</span> 
     </span>
     <span class='ocr_line' id='line_1_33' title="bbox 280 3747 1242 3839; baseline -0.007 -23"><span class='ocrx_word' id='word_1_233' title='bbox 280 3751 419 3825; x_wconf 78' lang='lat' dir='ltr'>foedus,</span> <span class='ocrx_word' id='word_1_234' title='bbox 455 3752 577 3817; x_wconf 79' lang='lat' dir='ltr'>adicitis</span> <span class='ocrx_word' id='word_1_235' title='bbox 600 3774 674 3817; x_wconf 86' lang='lat' dir='ltr'>mox</span> <span class='ocrx_word' id='word_1_236' title='bbox 704 3754 773 3817; x_wconf 79' lang='lat' dir='ltr'>aliis</span> <span class='ocrx_word' id='word_1_237' title='bbox 792 3747 981 3839; x_wconf 62' lang='lat' dir='ltr'>ciuitatihu&#39;r.</span> <span class='ocrx_word' id='word_1_238' title='bbox 1047 3749 1158 3835; x_wconf 86' lang='lat' dir='ltr'>Gyges</span> <span class='ocrx_word' id='word_1_239' title='bbox 1186 3750 1242 3811; x_wconf 86' lang='lat' dir='ltr'>illc</span> 
     </span>
    </p>
   </div>
   <div class='ocr_carea' id='block_1_9' title="bbox 279 3832 1390 3920">
    <p class='ocr_par' dir='ltr' id='par_1_9' title="bbox 279 3832 1390 3920">
     <span class='ocr_line' id='line_1_34' title="bbox 279 3832 1390 3920; baseline -0.009 -21"><span class='ocrx_word' id='word_1_240' title='bbox 279 3856 348 3919; x_wconf 88' lang='lat' dir='ltr'>quo</span> <span class='ocrx_word' id='word_1_241' title='bbox 371 3844 511 3919; x_wconf 87' lang='lat' dir='ltr'>tempore</span> <span class='ocrx_word' id='word_1_242' title='bbox 530 3832 848 3920; x_wconf 79' lang='lat' dir='ltr'>vixerit‚expreli&#39;am</span> <span class='ocrx_word' id='word_1_243' title='bbox 864 3836 1047 3900; x_wconf 80' lang='lat' dir='ltr'>memoriam</span> <span class='ocrx_word' id='word_1_244' title='bbox 1068 3836 1243 3916; x_wconf 77' lang='lat' dir='ltr'>reperimur</span> <span class='ocrx_word' id='word_1_245' title='bbox 1328 3859 1342 3877; x_wconf 54' lang='lat'><em>⁴</em></span> <span class='ocrx_word' id='word_1_246' title='bbox 1387 3863 1390 3871; x_wconf 91' lang='lat'>·</span> 
     </span>
    </p>
   </div>
   <div class='ocr_carea' id='block_1_10' title="bbox 280 3913 1323 4004">
    <p class='ocr_par' dir='ltr' id='par_1_10' title="bbox 280 3913 1323 4004">
     <span class='ocr_line' id='line_1_35' title="bbox 280 3913 1323 4004; baseline -0.006 -21"><span class='ocrx_word' id='word_1_247' title='bbox 280 3917 416 3995; x_wconf 77' lang='lat' dir='ltr'>nullam.</span> <span class='ocrx_word' id='word_1_248' title='bbox 438 3977 442 3983; x_wconf 89' lang='lat'><em>.</em></span> <span class='ocrx_word' id='word_1_249' title='bbox 461 3920 611 4004; x_wconf 83' lang='lat' dir='ltr'>Polybiua</span> <span class='ocrx_word' id='word_1_250' title='bbox 635 3940 725 4003; x_wconf 82' lang='lat' dir='ltr'>c.42,</span> <span class='ocrx_word' id='word_1_251' title='bbox 747 3920 801 3983; x_wconf 83' lang='lat' dir='ltr'>vbi</span> <span class='ocrx_word' id='word_1_252' title='bbox 821 3919 980 4003; x_wconf 79' lang='lat' dir='ltr'>concludit</span> <span class='ocrx_word' id='word_1_253' title='bbox 999 3918 1084 3982; x_wconf 85' lang='lat' dir='ltr'>luam</span> <span class='ocrx_word' id='word_1_254' title='bbox 1102 3922 1141 3980; x_wconf 90' lang='lat' dir='ltr'>de</span> <span class='ocrx_word' id='word_1_255' title='bbox 1161 3914 1243 3979; x_wconf 71' lang='lat' dir='ltr'>anti·</span> <span class='ocrx_word' id='word_1_256' title='bbox 1270 3979 1272 3982; x_wconf 77' lang='grc'><strong>,</strong></span> <span class='ocrx_word' id='word_1_257' title='bbox 1318 3913 1323 3923; x_wconf 85' lang='grc'><em>’</em></span> 
     </span>
    </p>
   </div>
   <div class='ocr_carea' id='block_1_11' title="bbox 251 4000 1354 4169">
    <p class='ocr_par' dir='ltr' id='par_1_11' title="bbox 251 4000 1354 4169">
     <span class='ocr_line' id='line_1_36' title="bbox 251 4000 1347 4091; baseline 0 -26"><span class='ocrx_word' id='word_1_258' title='bbox 251 4002 254 4011; x_wconf 85' lang='grc'><strong>“</strong></span> <span class='ocrx_word' id='word_1_259' title='bbox 283 4002 451 4087; x_wconf 89' lang='lat' dir='ltr'>quioribus</span> <span class='ocrx_word' id='word_1_260' title='bbox 466 4004 660 4091; x_wconf 76' lang='lat' dir='ltr'>Achaeorum</span> <span class='ocrx_word' id='word_1_261' title='bbox 682 4004 873 4085; x_wconf 77' lang='lat' dir='ltr'>temporibus</span> <span class='ocrx_word' id='word_1_262' title='bbox 892 4002 1110 4075; x_wconf 84' lang='lat' dir='ltr'>narrationem,</span> <span class='ocrx_word' id='word_1_263' title='bbox 1132 4000 1241 4063; x_wconf 83' lang='lat' dir='ltr'>sedo·</span> <span class='ocrx_word' id='word_1_264' title='bbox 1344 4061 1347 4065; x_wconf 87' lang='lat'>.</span> 
     </span>
     <span class='ocr_line' id='line_1_37' title="bbox 282 4082 1354 4169; baseline 0 -20"><span class='ocrx_word' id='word_1_265' title='bbox 282 4106 358 4149; x_wconf 87' lang='lat' dir='ltr'>cere</span> <span class='ocrx_word' id='word_1_266' title='bbox 378 4085 505 4149; x_wconf 84' lang='lat' dir='ltr'>voluilie</span> <span class='ocrx_word' id='word_1_267' title='bbox 527 4088 571 4150; x_wconf 88' lang='lat' dir='ltr'>ait</span> <span class='ocrx_word' id='word_1_268' title='bbox 591 4086 662 4149; x_wconf 81' lang='grc' dir='ltr'><em>διότι</em></span> <span class='ocrx_word' id='word_1_269' title='bbox 683 4092 738 4163; x_wconf 73' lang='lat' dir='ltr'>uio</span> <span class='ocrx_word' id='word_1_270' title='bbox 757 4106 801 4157; x_wconf 75' lang='lat' dir='ltr'>ric</span> <span class='ocrx_word' id='word_1_271' title='bbox 824 4084 869 4149; x_wconf 81' lang='lat' dir='ltr'>olai</span> <span class='ocrx_word' id='word_1_272' title='bbox 889 4088 949 4148; x_wconf 75' lang='lat' dir='ltr'>cola</span> <span class='ocrx_word' id='word_1_273' title='bbox 966 4084 1101 4164; x_wconf 67' lang='grc' dir='ltr'>Ἀχαιῶν</span> <span class='ocrx_word' id='word_1_274' title='bbox 1128 4082 1242 4169; x_wconf 77' lang='lat' dir='ltr'>aipaorc</span> <span class='ocrx_word' id='word_1_275' title='bbox 1350 4113 1354 4122; x_wconf 62' lang='grc'><em>’</em></span> 
     </span>
    </p>
   </div>
   <div class='ocr_carea' id='block_1_12' title="bbox 282 4166 1340 4505">
    <p class='ocr_par' dir='ltr' id='par_1_12' title="bbox 282 4166 1340 4505">
     <span class='ocr_line' id='line_1_38' title="bbox 282 4166 1244 4255; baseline -0.026 -5"><span class='ocrx_word' id='word_1_276' title='bbox 282 4169 426 4251; x_wconf 60' lang='grc' dir='ltr'>ὑπῆρχε,</span> <span class='ocrx_word' id='word_1_277' title='bbox 458 4182 491 4233; x_wconf 88' lang='lat' dir='ltr'>et</span> <span class='ocrx_word' id='word_1_278' title='bbox 511 4190 547 4233; x_wconf 91' lang='lat' dir='ltr'>ea</span> <span class='ocrx_word' id='word_1_279' title='bbox 566 4170 689 4255; x_wconf 88' lang='lat' dir='ltr'>quidem</span> <span class='ocrx_word' id='word_1_280' title='bbox 711 4172 748 4235; x_wconf 87' lang='lat' dir='ltr'>ad</span> <span class='ocrx_word' id='word_1_281' title='bbox 768 4172 942 4235; x_wconf 88' lang='lat' dir='ltr'>libertatem</span> <span class='ocrx_word' id='word_1_282' title='bbox 969 4183 1002 4231; x_wconf 86' lang='lat' dir='ltr'>et</span> <span class='ocrx_word' id='word_1_283' title='bbox 1024 4166 1244 4249; x_wconf 86' lang='lat' dir='ltr'>aequalitatem</span> 
     </span>
     <span class='ocr_line' id='line_1_39' title="bbox 284 4245 1340 4348; baseline -0.006 -34"><span class='ocrx_word' id='word_1_284' title='bbox 284 4266 471 4329; x_wconf 87' lang='lat' dir='ltr'>comparata.</span> <span class='ocrx_word' id='word_1_285' title='bbox 495 4253 646 4337; x_wconf 83' lang='lat' dir='ltr'>Tyranni,</span> <span class='ocrx_word' id='word_1_286' title='bbox 656 4248 796 4339; x_wconf 79' lang='lat' dir='ltr'>quiante</span> <span class='ocrx_word' id='word_1_287' title='bbox 810 4254 980 4319; x_wconf 79' lang='lat' dir='ltr'>restitutam</span> <span class='ocrx_word' id='word_1_288' title='bbox 994 4249 1129 4313; x_wconf 83' lang='lat' dir='ltr'>veterem</span> <span class='ocrx_word' id='word_1_289' title='bbox 1140 4245 1238 4348; x_wconf 77' lang='lat' dir='ltr'>remp.</span> <span class='ocrx_word' id='word_1_290' title='bbox 1320 4268 1340 4285; x_wconf 86' lang='lat'>··</span> 
     </span>
     <span class='ocr_line' id='line_1_40' title="bbox 285 4330 1242 4417; baseline -0.002 -20"><span class='ocrx_word' id='word_1_291' title='bbox 285 4353 344 4417; x_wconf 88' lang='lat' dir='ltr'>per</span> <span class='ocrx_word' id='word_1_292' title='bbox 359 4337 566 4401; x_wconf 81' lang='lat' dir='ltr'>-ntacedonum</span> <span class='ocrx_word' id='word_1_293' title='bbox 586 4344 669 4410; x_wconf 80' lang='lat' dir='ltr'>artea&#39;</span> <span class='ocrx_word' id='word_1_294' title='bbox 688 4351 720 4401; x_wconf 88' lang='lat' dir='ltr'>et</span> <span class='ocrx_word' id='word_1_295' title='bbox 741 4338 865 4402; x_wconf 82' lang='lat' dir='ltr'>frauder</span> <span class='ocrx_word' id='word_1_296' title='bbox 882 4337 1081 4414; x_wconf 75' lang='lat' dir='ltr'>extiterant,</span> <span class='ocrx_word' id='word_1_297' title='bbox 1098 4352 1162 4397; x_wconf 92' lang='lat' dir='ltr'>non</span> <span class='ocrx_word' id='word_1_298' title='bbox 1184 4330 1242 4396; x_wconf 82' lang='lat' dir='ltr'>nali</span> 
     </span>
     <span class='ocr_line' id='line_1_41' title="bbox 287 4418 875 4505; baseline 0.003 -22"><span class='ocrx_word' id='word_1_299' title='bbox 287 4420 328 4483; x_wconf 88' lang='lat' dir='ltr'>a&#39;d</span> <span class='ocrx_word' id='word_1_300' title='bbox 351 4418 509 4503; x_wconf 84' lang='lat' dir='ltr'>nouiffima</span> <span class='ocrx_word' id='word_1_301' title='bbox 533 4434 670 4505; x_wconf 84' lang='lat' dir='ltr'>tempora</span> <span class='ocrx_word' id='word_1_302' title='bbox 691 4420 839 4505; x_wconf 71' lang='lat' dir='ltr'>spoliant.</span> <span class='ocrx_word' id='word_1_303' title='bbox 869 4422 875 4428; x_wconf 81' lang='grc'><strong>“</strong></span> 
     </span>
    </p>
   </div>
   <div class='ocr_carea' id='block_1_13' title="bbox 0 0 1650 5134">
    <p class='ocr_par' dir='ltr' id='par_1_13' title="bbox 0 0 1650 5134">
     <span class='ocr_line' id='line_1_42' title="bbox 0 0 1650 5134; baseline 0 0"><span class='ocrx_word' id='word_1_304' title='bbox 0 0 1650 5134; x_wconf 95' lang='lat' dir='ltr'> </span> 
     </span>
    </p>
   </div>
  </div>
 </body>
</html>
