3292 5134
553 460 837 548 m

187 680 394 757 videremus:
423 676 519 777 agite
535 700 730 777 pergamus
756 680 808 753 vti
835 677 909 753 hoc
929 679 1086 756 inuento
1100 682 1232 777 graui·

187 819 238 880 er,
274 807 314 869 et
341 792 604 893 persequamur
627 792 787 890 reliqua,
823 816 919 891 quae
941 792 988 868 de
1007 794 1052 868 iis
1075 795 1232 869 ciuitati·

187 934 256 996 >us,
285 921 465 1006 tanquam
486 906 632 983 tabulae
657 930 677 981 e
700 907 912 1005 naufragio,
949 906 1093 1007 spatfim
1116 907 1232 983 slusii·
1303 960 1308 969 -

187 1048 241 1098 tus
259 1020 452 1119 disietlae‚
484 1020 614 1119 colligi
634 1017 798 1119 possunt:
826 1036 867 1097 vt
879 1021 1023 1111 saltem,
1047 1036 1232 1123 quantum

187 1136 222 1223 le
239 1138 278 1211 iis
303 1134 504 1223 nesciatur,
528 1136 787 1235 intelligamus.

187 1332 189 1335 ’
280 1332 397 1411 Hoc
387 1323 500 1431 agitur
524 1348 607 1409 ante
626 1336 751 1411 omnia
764 1348 972 1427 teneamus,
1006 1333 1146 1417 necesse
1164 1336 1235 1423 est:

187 1450 337 1525 ciuitates
366 1445 524 1525 Graecas
545 1472 612 1547 per
643 1448 804 1527 Siciliam
834 1465 884 1529 et
903 1424 1066 1541 Italiam,
1108 1455 1236 1553 paucis

187 1566 366 1661 exceptis,
421 1561 467 1637 de
501 1564 635 1663 quibus
670 1562 737 1641 suo
768 1563 857 1643 loco
888 1564 1121 1657 videbimus,
1173 1582 1238 1645 aut

187 1678 282 1753 Act
252 1704 309 1753 out
302 1681 390 1753 aut
398 1677 517 1755 Dorica
532 1690 595 1751 aut
606 1676 779 1755 chalcum
792 1676 895 1755 fuisse
911 1683 1077 1778 generis3
1100 1699 1239 1779 cogna-

189 1794 279 1867 tione
302 1806 428 1869 autem
456 1793 554 1881 inter
575 1790 609 1867 se
639 1806 676 1869 et
696 1792 957 1872 necessitudine
980 1794 1106 1895 aliqua
1132 1797 1240 1895 iungi
1347 1783 1351 1793 ¹

189 1904 284 1995 visas,
316 1921 358 1983 et
383 1904 486 1983 fuisse
502 1905 661 1999 iuntlas,
690 1910 856 1987 ciuitates
879 1912 1058 2009 cuiusque
1071 1913 1242 2007 generisa

187 2017 302 2119 legum
320 2042 475 2123 quoque
497 2034 536 2097 et
557 2022 807 2099 institutorum
830 2024 909 2099 usas
924 2020 1126 2103 'communi
1148 2025 1239 2099 iure.

191 2134 326 2213 Artisica
354 2134 507 2235 quidem
529 2136 638 2235 stirpe
666 2128 846 2213 oriundae
867 2136 1020 2222 fuerunt
1043 2158 1244 2233 eamque,

193 2272 263 2327 rum
290 2250 454 2327 instituta
490 2249 612 2335 adhuc
650 2250 909 2349 exposuimus,
974 2247 1145 2353 Sybaris,
1203 2250 1244 2329 iu

194 2368 284 2441 cuius
300 2366 440 2441 locum
457 2362 651 2441 successere
675 2364 809 2449 Thurii,
835 2378 872 2440 et
893 2362 1041 2447 Cretan,-
1065 2388 1152 2441 nam
1175 2362 1246 2439 Lo-

196 2506 234 2553 ru
230 2480 288 2555 ad
303 2477 494 2557 Doricum
509 2502 627 2577 genus
644 2478 858 2581 ιριιιιιιιειε.
895 2478 1128 2565 Subiieienda
1144 2502 1248 2587 ιιιιιιο

199 2616 296 2690 pauca
311 2594 399 2669 sunt
418 2593 464 2671 de
484 2594 614 2671 hatum
632 2597 779 2671 urbium
796 2594 957 2674 coloniis
970 2586 1128 2695 aliisque
1146 2617 1250 2709 coqn-
1266 2587 1271 2597 ’

198 2731 303 2786 munis
330 2709 486 2807 originis
507 2710 738 2799 ciuitatibus,
768 2723 809 2785 ιι
830 2722 954 2787 totum
975 2709 1049 2788 hoc
1067 2686 1262 2789 Achaicae·

196 2822 299 2921 stirpis
333 2846 457 2925 genus
482 2822 699 2899 absoluatur.
766 2821 868 2901 Cum
893 2836 1017 2900 autem
1037 2815 1249 2921 praeuidea-
1266 2822 1283 2843 ²

198 2960 271 3029 mus
292 2938 371 3015 sore
388 2949 428 3011 vt
449 2936 646 3041 pleraque,
682 2960 776 3037 quae
794 2938 841 3013 de
864 2906 921 3013 bis
944 2937 1081 3012 narrari
1103 2932 1249 3033 possint,

199 3053 442 3147 grammaticae
469 3054 597 3151 potius
615 3052 674 3129 vel
694 3054 919 3151 antiquariae
939 3048 1146 3128 subtilitatis
1167 3046 1251 3158 sant,
1357 3041 1365 3053 ’

198 3165 428 3241 constitutum
455 3167 564 3242 nobis
580 3166 630 3242 est
643 3165 808 3243 delibare
828 3178 974 3241 tanturn
994 3187 1110 3272 pauca
1134 3187 1253 3263 eaque

199 3280 352 3389 potiora,
385 3294 447 3355 aut
470 3248 585 3379 siqua
609 3282 655 3357 ab
669 3278 804 3357 aliis
783 3287 913 3378 parum
933 3288 1103 3357 accurate
1120 3269 1260 3355 tradita

199 3391 273 3470 int:
301 3392 368 3476 De
383 3397 510 3474 ceteris
527 3394 571 3473 ad
589 3392 817 3484 Cluverium,
840 3390 1059 3471 salmasium
1071 3394 1117 3470 ad
1134 3392 1254 3474 Solin.
1308 3392 1314 3401 ’

199 3506 431 3609 Vindingium
450 3521 493 3585 et
515 3507 695 3591 Golziutn
722 3510 946 3611 ablegamus.

297 3708 550 3808 Sybaritarum
567 3682 737 3786 coloniae
753 3698 870 3801 suere,
890 3687 986 3787 'Laus
1002 3706 1050 3785 ad
1064 3704 1140 3793 lai
1150 3706 1255 3783 fluuii

203 3819 275 3898 ostia
302 3828 341 3900 in
362 3825 537 3917 interiore
561 3821 686 3899 ltaliae
704 3838 889 3929 entremae
911 3824 1037 3902 littore
1063 3822 1258 3908 collocata,
1302 3896 1309 3905 ,

202 3948 232 4011 ιι
252 3936 405 4026 Scitirus,
439 3938 584 4017 obscuri
612 3941 777 4131 ιιοιιιιιιιι
805 3952 844 4015 et
871 3938 958 4016 situs
990 3938 1172 4039 oppidum
1196 3936 1258 4126 Β).
1290 3950 1297 4038 j

764 4076 781 4151 5
1238 4072 1261 4126 e

201 4259 205 4274 ’
236 4266 271 4346 sl)
292 4232 341 4329 DL*
357 4271 483 4346 Visaque
498 4262 778 4345 momentaneos,
794 4262 851 4340 Vl,
867 4211 918 4332 ιι.
939 4260 978 4324 da
993 4260 1071 4327 ho.
1105 4280 1137 4325 v.
1146 4234 1264 4331 Strabo

305 4346 364 4447 Vl·
386 4366 415 4429 p.
427 4358 498 4427 ιιι.
514 4348 548 4415 c.
576 4346 775 4439 atilium,
792 4364 842 4417 ιο.

1000 528 1362 599 ,ιοι.
