3292 5134
395 486 433 553 ¹⁴
566 511 864 577 ..ἐι-ιιι.
1185 576 1248 651 ἢ.

159 732 282 837 quod
301 728 413 810 sacile'
430 730 588 829 quisque
605 753 675 828 pro
695 728 730 804 se
748 727 942 825 intelligit,
974 727 1012 801 in
1033 734 1073 803 ea
1097 737 1252 805 tantum*
1278 764 1285 773 ·

159 848 368 948 republica
385 843 503 923 malos
520 843 699 922 deterrere
718 843 847 941 potest,
879 845 919 919 in
939 862 1012 939 qua
1032 842 1148 916 bonae
1166 862 1251 917 nra·

161 961 313 1061 laequ'e
331 960 472 1049 lamae,
503 943 646 1034 decoiis
664 955 939 1053 dedecorisque,
966 953 1085 1031 l'ensus
1112 956 1241 1031 animis

161 1076 308 1154 infitus
332 1074 376 1157 fit
391 1072 518 1172 paullo
545 1073 695 1147 acutior.
755 1066 792 1145 Is
812 1084 933 1147 autern
957 1068 1021 1144 nisr
1053 1068 1243 1168 disciplina
1292 1120 1297 1128 ,

164 1190 334 1291 publica
350 1190 584 1287 priuataque
608 1203 645 1261 et
667 1184 747 1285 ipsa
772 1182 923 1283 puerilis
960 1183 1083 1262 aetatis
1103 1184 1255 1259 inllitu-.

165 1308 285 1381 tione
310 1301 503 1378 instillatus
525 1300 652 1387 fuerit,
699 1300 839 1375 ciuium
859 1300 988 1373 animis
1012 1296 1141 1398 sponte
1164 1319 1246 1375 non

162 1418 288 1521 facile
311 1390 515 1491 innascitur.
574 1411 630 1489 Ad
654 1413 754 1490 hunc
771 1404 894 1487 tamen
910 1412 1105 1487 honestatis
1121 1411 1247 1512 pudo·
1382 1463 1387 1473 ,

163 1537 306 1629 risque
330 1530 470 1604 sensum
486 1530 525 1603 in
543 1530 682 1624 ciuium
703 1527 853 1604 suorum
871 1529 1000 1601 animis
1024 1526 1248 1602 eliciendum

167 1660 216 1723 et
249 1641 724 1734 excitandumretustarum
749 1643 937 1718 ciuitatum
965 1638 1153 1739 disciplina
1177 1642 1249 1717 mi.

166 1756 283 1835 risice
304 1772 379 1832 erat
395 1758 626 1843 concinnata,
657 1778 753 1841 non,
768 1768 816 1829 ·vt
834 1754 974 1831 nullam
993 1752 1059 1831 nifi
1076 1756 1116 1828 in
1132 1750 1245 1853 Regis

168 1872 331 1948 seruitio
354 1867 515 1969 gloriam
545 1870 695 1970 positam
725 1866 794 1945 esse
818 1882 1015 1969 putarent,
1047 1890 1174 1945 aerum
1206 1873 1247 1943 vt

166 1984 475 2061 rederariorum
503 1987 706 2083 praemium
732 1982 915 2060 summurn
944 2004 987 2059 ac
1012 1980 1272 2059 certissimum·

168 2124 224 2175 ex
252 2102 393 2204 ciuium
417 2099 683 2173 existimatione
707 2110 744 2200 et
768 2096 876 2171 laude
903 2111 1093 2193 peterent,
1135 2096 1250 2171 male-

166 2212 261 2288 faili
282 2234 447 2309 poenam
472 2201 734 2283 acerbissimam
764 2220 801 2283 et
823 2211 928 2283 omni
943 2206 1133 2303 supplicio
1156 2221 1267 2283 atro·

170 2329 325 2401 ciorem
341 2324 602 2395 arbitrarentur
619 2320 817 2393 infamiam.
876 2317 1006 2415 Itaque
1025 2318 1126 2395 illam
1139 2320 1251 2419 ipsam

174 2438 347 2536 myricae
362 2432 562 2531 gestandae
584 2434 824 2530 ignominiam
855 2426 1044 2509 Diodorus
1067 2448 1189 2513 narrat
1203 2434 1251 2534 g)

172 2555 281 2628 inter
312 2546 476 2624 Thurios
498 2546 685 2646 plerisque
710 2544 801 2622 adeo
827 2545 1112 2681 intolerabilem¹
1127 2548 1248 2639 visam,

173 2679 239 2751 vt,
284 2686 385 2739 cum·
401 2683 481 2736 eam
503 2658 569 2735 irbi
598 2662 765 2760 iudicum
788 2660 973 2737 sententiis
990 2660 1167 2751 inilriiam
1180 2688 1250 2763 lau.

177 2780 324 2878 diram,
356 2787 476 2851 morte
497 2772 570 2850 suis
588 2772 655 2850 sibi
669 2774 838 2851 manibus
862 2774 1066 2851 illataearu
1092 2799 1252 2877 occupa-

176 2907 302 2984 rent„
335 2879 505 2967 Omnino
523 2902 664 2980 autem,
689 2901 731 2965 vt
754 2886 915 2965 violenta
942 2872 1096 2987 imperia
1113 2902 1253 2967 terrore

176 3029 228 3081 ac
258 3017 358 3079 metu
381 3002 704 3104 tranquillitatem,
740 3001 815 3078 hoc
839 3002 888 3076 est
917 3000 1145 3087 seruitutem,
1186 3026 1255 3103 pu-

179 3119 325 3197 blicam
349 3120 505 3193 retinere
529 3118 693 3202 student,
720 3118 769 3191 ita
784 3116 968 3201 ciuitates,
1001 3128 1094 3215 quae
1117 3118 1155 3192 in
1172 3140 1254 3215 eam

180 3236 278 3332 reip.
304 3233 460 3320 sormam
485 3230 683 3329 descriptae
704 3227 806 3317 sunt,
841 3246 934 3327 quae
956 3228 1171 3309 hominibus
1196 3236 1256 3307 in-

182 3350 320 3445 genuis
345 3344 587 3424 consentanea
616 3343 677 3433 fit,
701 3360 703 3364 ’
725 3346 863 3420 ciuium
899 3344 1082 3445 pudorem
1116 3346 1278 3439 babent,

181 3461 310 3539 salutis
334 3460 416 3536 suae
440 3458 629 3535 custodem
652 3456 891 3535 fidissimum
1198 3491 1203 3544 t

206 3748 212 3757 ‚
303 3657 364 3735 Ne
379 3654 442 3734 ille
464 3660 589 3757 itaque
616 3658 767 3756 animis,
796 3670 971 3756 tanquam
994 3656 1169 3757 speculis,
1194 3661 1257 3739 de·

189 3754 353 3857 iiciaiur,
391 3770 452 3847 sed
478 3758 674 3879 vigilanter
699 3785 736 3846 et
764 3768 921 3847 fideliter
947 3775 1127 3865 excubet,
1163 3775 1256 3875 ipsas
1294 3817 1297 3825 ·

188 3890 292 3986 leges
322 3876 361 3962 in
393 3886 438 3961 iis
469 3886 679 3961 ciuitatibus
703 3886 748 3961 eo
778 3898 994 3985 temperatas
1020 3884 1088 3965 esse
1115 3882 1256 3969 necesse

192 4005 262 4092 est,
294 4016 335 4077 vt
357 4003 396 4075 in
412 3989 544 4098 poenis
566 4022 612 4076 ac
635 3998 822 4100 suppliciis
854 4002 1079 4098 ignominiae
1092 4072 1093 4079 ,
1106 4014 1143 4079 et
1164 4000 1257 4077 infa-

190 4120 306 4205 miae,
336 4127 557 4211 nouantem
577 4116 775 4193 auocitatis
800 4138 843 4197 ac
856 4128 1128 4198 tormentorum
1146 4112 1260 4205 saeui·

838 4266 840 4273 ,
1067 4284 1069 4291 y
1174 4230 1261 4323 ἀπ’.
1293 4266 1296 4273 «

160 4389 161 4456 l
230 4384 436 4473 gronam.
460 4384 541 4461 xu,
565 4385 656 4451 110¹
752 4445 754 4449 .
826 4394 829 4399 ·
