3292 5134
194 716 392 822 nnsicriptae
414 714 558 797 fuerint
619 713 754 820 Neque
770 732 897 814 tamen
912 718 971 800 vel
995 718 1042 820 hc
1064 748 1207 841 eorum,

193 842 220 911 n'
248 838 277 913 Τ
272 838 412 913 hurino
447 832 624 911 Charondo
656 836 737 930 legar
770 830 857 912 lator
893 822 950 941 ‘effe
987 840 1207 936 tradiderunt,
1314 828 1330 853 “

193 948 263 1041 des,
293 950 353 1026 etsr
384 947 614 1037 labefatiata,
648 948 794 1048 prorius
816 971 988 1029 corruere
1013 950 1211 1035 videride.

193 1079 242 1157 ret3
264 1084 385 1163 parum
403 1075 573 1142 accurate
588 1063 684 1138 forre
703 1083 760 1138 rer
779 1064 965 1164 exposita,
1001 1086 1088 1145 curn·
1118 1069 1215 1153 Tho.¹

192 1180 230 1251 'ior
245 1177 425 1255 Cirorondor
440 1177 562 1272 legibus
574 1174 649 1280 usos
664 1168 720 1278 effa
733 1173 856 1255 dicere
874 1176 1064 1259 deberent
1121 1178 1209 1263 Hoc

192 1292 252 1366 nin
270 1303 303 1367 et
315 1287 509 1392 probabile
531 1288 612 1368 satia
633 1290 703 1380 est,
730 1310 801 1368 nec
817 1312 876 1386 res
905 1295 1081 1395 exemplo
1098 1315 1208 1388 caret,

192 1418 322 1482 tnouae
353 1406 531 1483 ciuitates²
546 1404 717 1481 conditae
743 1402 899 1483 aliarum
929 1410 1074 1487 arbium
1107 1412 1240 1511 legen

192 1515 215 1593 d
231 1518 517 1620 suam'rempubl.
541 1518 780 1596 transferrent
808 1530 846 1597 et
868 1522 1206 1621 ‚accommodarent

192 1628 263 1721 Quae
281 1658 329 1711 res
343 1656 428 1719 corn
451 1654 518 1733 per
538 1633 574 1708 se
588 1629 768 1733 'exemplo
788 1648 1030 1727 noneareat,
1061 1652 1140 1720 tum
1165 1645 1205 1718 in
1259 1712 1264 1743 f
1296 1628 1300 1638 ’

192 1742 245 1841 pin
256 1740 458 1826 Charondae
473 1744 620 1846 legibus
638 1746 931 1847 ihiazaeenorurp
950 1746 1208 1851 Cappadociae

191 1861 313 1958 nampio
329 1862 512 1940 declarata
530 1858 596 1951 est,
624 1865 690 1962 qui
714 1859 759 1939 iis
784 1856 834 1939 rh
852 1856 920 1941 effe
942 1880 1207 1961 memorantur,
1343 1876 1346 1885 “

191 1974 336 2054 :onhitnto
371 1973 529 2078 quoque
558 1977 656 2075 apud
687 1971 723 2053 se
753 1971 883 2074 legum
912 1980 1112 2078 interprete
1144 1980 1219 2095 h).·

191 2081 304 2166 nuitare
329 2087 493 2170 Thurios
516 2091 641 2189 potuit
662 2090 794 2188 partim
826 2092 990 2168 vicinitas
1015 2092 1217 2193 Rhegin0-'

191 2218 258 2289 um,
277 2207 331 2305 qui
344 2206 478 2283 iisdem
494 2202 639 2302 legibus
659 2201 878 2279 Charondae
894 2204 1100 2295 vtebantur,
1128 2228 1211 2306 par-

191 2311 237 2387 tin
248 2314 348 2397 ultima
365 2318 490 2421 'stirpis
506 2320 683 2415 cognatio
692 2338 705 2411 ;
731 2336 817 2393 nam
836 2317 897 2393 etit
916 2337 963 2395 ex
978 2319 1083 2429 omni
1095 2319 1209 2404 Grae-

191 2426 231 2499 cia
249 2434 454 2512 confluxerat
484 2430 707 2510 colonorum
732 2404 963 2522 multitudo,
1005 2429 1217 2513 Athenien-'

190 2534 252 2616 hun
269 2558 371 2625 tanen
395 2545 591 2647 superabat
624 2564 800 2623 numerus
816 2562 828 2641 ;
878 2561 981 2624 erant
1014 2554 1137 2627 autem
1166 2551 1207 2629 hi

190 2647 293 2735 {onitu
324 2658 495 2763 originis,
540 2657 725 2760 adquam
760 2652 1071 2739 etsschalcrdieae
1098 2665 1207 2743 urbes
1337 2747 1340 2757 ,
1427 2738 1431 2751 .

190 2767 394 2855 referebantur.
457 2770 546 2853 Mos
563 2788 685 2851 autem
709 2776 759 2851 est
784 2789 821 2851 et
837 2776 917 2851 vius
934 2772 1206 2875 'ita'iaquendt
1272 2872 1274 2880 Ι

190 2880 298 2982 uirgas
315 2892 376 2969 fibi
398 2890 548 2990 scriptas
568 2883 639 2965 effe
656 2876 757 2966 dicat
770 2887 898 2965 ciuitas
915 2882 1119 2987 legumque
1141 2888 1216 2967 fibi·

190 2993 322 3081 rudoran
344 3018 493 3103 arroget
523 3024 629 3095 eum,
668 3007 773 3080 cuius
792 2997 942 3100 ‘legibus
972 3002 1103 3090 vritur,
1145 3000 1209 3080 eth

190 3100 295 3194 riiunde
310 3119 459 3198 adscitis.
507 3110 707 3195 'Constabit
720 3116 844 3217 itaque
859 3108 1033 3192 Diodoro
1052 3110 1208 3217 aiiisque

190 3214 265 3314 idei,
286 3230 325 3322 i,
355 3230 459 3338 quod
481 3230 601 3309 facere
623 3253 688 3335 pat
714 3227 780 3313 est,
810 3228 861 3305 ita
887 3228 1136 3334 statuerimus,
1160 3238 1211 3320 'vt

190 3322 304 3421 ihirros
327 3346 545 3426 Charondae
567 3345 675 3448 prisci
698 3340 801 3445 leges
828 3342 875 3423 ad
895 3343 998 3422 suam
1019 3346 1210 3424 ciuitatem

426 3496 431 3499 ·
652 3476 656 3483 ·
752 3463 763 3505 ’-
900 3502 912 3519 -
1021 3456 1209 3551 adrnisrise,

217 3655 1213 3827 *spammffmnmmfflmmmff

261 3760 1214 3927 nif‘iiihi‘{aiiiiiiaizin“hihihhiiiu

262 3923 337 4007 rapa?
355 3935 420 4003 mie
434 3929 585 4000 ‘Paneiou
603 3926 726 4007 rapturi.
771 3926 894 3990 videtur
912 3918 963 3989 iiic
985 3922 1087 4009 legum
1105 3919 1213 3989 drmrt·
1334 3989 1336 3998 ,

263 4010 355 4085 uror.
382 4014 527 4095 uoprpdic,
559 4015 647 4095 iege·
673 4022 706 4074 et
729 4011 879 4076 memoria
899 4010 1029 4077 tenoifl'e
1057 4024 1090 4071 et
1118 4008 1213 4073 certia

263 4098 447 4179 temporibus
463 4096 620 4174 recitaise;
644 4098 790 4175 idemque
808 4096 915 4177 tegam
932 4090 1098 4164 sententias
1115 4086 1215 4153 inter·-
1354 4096 1356 4104 '
1427 4075 1432 4084 “

265 4189 393 4253 pretatur
407 4180 480 4246 eise.
535 4182 608 4249 Non
629 4183 729 4263 igitar
749 4172 806 4241 nifi
823 4189 862 4239 ex
887 4193 972 4248 parte
994 4167 1120 4237 tuarum
1143 4190 1214 4235 mu-

263 4273 331 4325 nere
343 4259 584 4346 Νομοφυλᾶκων,
605 4268 644 4327 dc
658 4262 772 4347 quibua
787 4280 817 4327 v.
835 4253 1030 4341 Epimrtrum
1045 4250 1082 4321 dr
1091 4248 1225 4341 Lama„

221 4370 876 4488 mmmmti
