3292 5134
553 1536 875 1648 Prooemiam.
1024 1621 1028 1631 ·

183 1956 397 2235 Habet
419 2068 495 2150 hoc
515 2072 694 2151 scribendi
716 2094 857 2174 genus,
894 2073 998 2175 quod
1020 2065 1087 2173 sier
1111 2062 1244 2153 Prolu-

337 2184 458 2263 fiones
476 2181 706 2266 ‘academicas
722 2188 871 2265 diuerfis
893 2203 1104 2287 temporum
1120 2186 1250 2287 spatiis¹

185 2311 218 2371 et
245 2322 289 2375 ex
312 2296 538 2401 praescrip'to
570 2291 814 2391 absoluitur‚''
843 2299 1074 2394 difficultates
1100 2300 1179 2375 suas
1205 2314 1243 2377 et
1260 2279 1291 2345 l·

185 2411 375 2509 molestias3
413 2418 454 2491 in
468 2416 526 2492 his
544 2421 656 2494 etiarn
669 2417 777 2502 hane,
794 2412 922 2513 quod,
940 2436 1026 2491 curn
1041 2416 1134 2491 intra
1152 2436 1243 2514 pau·

184 2546 302 2603 corum
331 2526 512 2626 foliorum
529 2530 990 2630 angustiascommentatio
1016 2528 1243 2607 continenda

183 2636 235 2725 lit,
269 2647 531 2741 argumentum
558 2644 805 2743 indagationis
833 2642 960 2741 paullo
991 2642 1150 2730 altioris,
1177 2654 1243 2721 aut

183 2756 387 2852 copiofioris
406 2757 672 2857 disputationis,
694 2755 850 2833 nonnisi
868 2778 1071 2857 per'partes
1091 2759 1240 2855 exigere

181 2865 276 2959 leet,
316 2873 520 2971 quodque,
548 2896 636 2951 curn
650 2871 818 2949 subtilior
844 2871 1120 2949 commentandi
1146 2872 1240 2948 ratio
1364 2866 1368 2884 “

180 2981 220 3057 ab
252 2983 326 3061 hoc
362 2986 567 3085 scriptionis
601 3010 737 3084 genere
776 2984 998 3085 plerumque
1032 2984 1237 3073 abhorreat,

181 3092 319 3195 seligere
343 3094 483 3177 necelle
511 3100 562 3176 est
593 3114 737 3177 tantum
762 3103 928 3199 potiora,
960 3120 1053 3197 quae
1084 3098 1237 3199 publici,

160 3211 214 3284 *rt
226 3213 347 3302 aiunt,
372 3213 509 3313 saporis
528 3227 591 3293 aut
615 3214 699 3291 lunt
726 3227 790 3289 aut
809 3212 925 3292 videri
950 3210 1109 3311 polluat.

279 3457 512 3543 institueram
540 3466 725 3567 equidem·
749 3458 973 3567 conquirere
1000 3454 1175 3559 reliquiae
1201 3470 1239 3535 et

177 3570 370 3673 fragmenta
381 3582 632 3659 institutorum
646 3582 850 3681 legumque
865 3580 1058 3656 ciuitatum
1074 3571 1236 3670 Magnae

181 3684 354 3783 Graeciae,
374 3692 534 3789 allumtis
549 3698 742 3774 ciuitatum
750 3692 974 3772 Graecarum
991 3708 1057 3789 per
1075 3684 1237 3764 Siciliam

176 3801 350 3897 institutis,
380 3832 475 3908 quae
491 3834 577 3887 cum
593 3811 665 3888 illia
683 3806 879 3889 conlunela
896 3796 1016 3882 elsent.
1077 3794 1238 3899 Exsequi

175 3921 394 4019 propolitum
414 3947 493 4000 non
513 3923 620 4003 licuit
641 3924 706 4001 ulfi
734 3940 803 4024 per
819 3934 958 4021 partes,
998 3912 1237 3995 Commenta·

174 4034 329 4115 tionibus
344 4032 456 4115 XIV.
488 4058 554 4138 per
571 4034 766 4117 interualla
789 4034 938 4137 publice
956 4032 1113 4133 scriptis:
1143 4024 1171 4103 Ι.
1186 4020 1233 4103 ll.

175 4146 208 4221 de
225 4151 305 4231 LL.
322 4151 445 4229 Locris
461 4156 634 4257 scriptito
649 4152 797 4229 Zaleuco
817 4147 846 4229 Ι.
872 4164 909 4225 et
926 4142 974 4222 Il.
1009 4150 1126 4238 1767.
1163 4134 1238 4217 III-

173 4255 230 4340 VI.
247 4264 327 4419 LI«.
345 4266 543 4350 Charondae
557 4266 644 4347 1.11.
655 4262 799 4462 {Ill
837 4266 954 4361 1768.
971 4263 1033 4355 69.
1049 4248 1238 4447 7053}-
