3292 5134
297 515 323 584 i
390 511 471 586 288

387 653 602 749 summersit,
649 678 727 758 quo
749 656 873 733 minus
907 655 1055 750 antiqua
1090 657 1264 744 ιιιιιιιιι,ι
1287 649 1455 741 meliora,

387 783 497 862 eriam
524 779 618 852 bene
635 767 817 870 perspecta
832 782 870 844 et
891 768 1016 864 multis
1032 771 1198 848 virorum
1209 768 1455 868 ,prudentium

320 927 332 955 -·
385 892 526 991 scriptis
552 886 749 973 declarata,
786 883 914 959 inferri
939 879 1080 982 poffint,
1118 968 1122 980 ,
1149 882 1279 960 Solent
1302 904 1451 981 quoque

388 1009 428 1085 in
444 1005 586 1103 magnis
604 1001 787 1098 imperiis,
818 1020 913 1097 quae
936 998 1191 1097 principatum
1207 993 1381 1096 Europae
1403 996 1450 1070 af-

211 1143 215 1152 ·
265 1168 268 1172 v
386 1120 537 1205 sectant,
568 1136 717 1199 eorum,
748 1130 815 1211 qur
804 1113 940 1188 rebus
956 1108 1246 1189 administrandis
1271 1109 1450 1210 praesunt,

386 1235 539 1333 ingenia
555 1243 592 1307 et
605 1227 721 1330 studia
742 1226 806 1302 ad
813 1247 937 1302 rerum
953 1243 1188 1304 externarum
1206 1223 1451 1324 splendorem,

384 1349 635 1436 uelocitatem
662 1363 705 1422 ac
721 1343 797 1419 vim
818 1339 864 1416 ad
889 1327 1086 1418 fortunam
1092 1335 1324 1440 reliquorum
1339 1331 1453 1432 Euro-

342 1526 346 1552 ,ι
387 1485 455 1564 pae
480 1481 685 1558 regnorum
718 1453 991 1541 inclinandam,
1027 1452 1074 1544 ad
1097 1475 1177 1534 rem
1200 1449 1397 1530 militarem
1418 1467 1453 1526 et

264 1632 279 1664 ,»
335 1573 338 1577 ’
386 1576 587 1654 adtributa
609 1567 871 1668 acredigalia
899 1569 1015 1665 magis
1039 1567 1074 1646 se
1091 1574 1309 1646 conuertere
1341 1590 1452 1668 quarn

348 1734 353 1744 ·
387 1691 433 1766 ad
450 1692 588 1765 ciuium
615 1689 786 1774 virtutem
811 1705 854 1758 ac
880 1681 1120 1759 felicitatem:
1163 1677 1302 1760 Contra
1328 1675 1455 1780 respu-

223 1829 231 1854 ·
372 1804 504 1896 olicae
527 1799 612 1878 illae
633 1803 867 1896 antiquarum
890 1809 1069 1886 aetatum,
1087 1798 1237 1894 ,partim
1256 1809 1364 1871 erant
1384 1793 1452 1871 ho-

386 1919 548 2001 minunm
587 1916 654 2014 qui
687 1935 734 1987 ex
768 1910 909 2010 feritare
941 1921 979 1984 et
1007 1909 1271 1998 vitaliorum,
1318 1923 1384 1986 aut
1406 1933 1452 1984 ex

384 2031 555 2108 romarico
580 2032 674 2107 vitae
698 2048 834 2125 genere
862 2023 908 2098 ad
940 2044 1048 2124 agros
1082 2025 1260 2101 colendos
1291 2026 1451 2122 primum

385 2145 736 2246 progrediebantur,
780 2153 821 2215 vt
843 2138 939 2214 forte
955 2141 999 2225 ii,
1018 2179 1020 2190 ·
1041 2140 1178 2238 quibus
1205 2134 1328 2214 Moses
1353 2137 1452 2235 leges
1483 2125 1484 2136 Ν

383 2262 580 2352 scribebam
608 2259 741 2356 partim
767 2255 1013 2343 colonorum,
1057 2255 1134 2352 qui,
1166 2275 1215 2328 err
1243 2253 1453 2327 ciuitatibus
1483 2321 1484 2346 ,

382 2375 455 2470 iarn
480 2373 526 2448 ad
544 2390 678 2448 oeream
704 2372 886 2446 rationem
908 2368 1112 2446 constitutis
1127 2389 1214 2444 cum
1238 2362 1352 2442 essent
1372 2389 1458 2466 pro·
1483 2355 1484 2420 ἕ

189 2493 193 2512 ’
270 2526 274 2544 ›
384 2484 508 2583 grelli,
547 2483 628 2581 ipsa
659 2483 904 2580 descriptione
937 2481 1120 2560 nonnulla
1159 2471 1292 2559 melius
1321 2481 1458 2558 consti-

295 2604 297 2607 ’
380 2607 510 2685 ruere‘,
537 2611 702 2695 cumque
718 2609 756 2669 et
777 2594 870 2672 fines
893 2609 936 2669 et
951 2600 1050 2672 ciues
1077 2593 1190 2672 essent
1206 2596 1332 2693 exigui
1353 2595 1459 2670 modi

253 2771 256 2776 -
383 2726 421 2793 et
444 2714 611 2813 numeri,
655 2707 801 2805 facilius
828 2708 944 2784 multa
968 2709 1189 2810 perspicere
1197 2731 1239 2786 ac
1265 2708 1459 2788 consulere

384 2840 581 2927 poterant
618 2798 781 2932 Melius
810 2824 945 2921 itaque
969 2821 1250 2950 legumlatoriae
1284 2821 1457 2899 scientiae

188 2940 192 2947 ’
262 2988 266 2992 ·
379 2941 551 3041 pericula
567 2917 657 3016 farti
672 2937 828 3016 suntin
854 2936 924 3012 liis
920 2941 1062 3038 paruis
1077 2939 1306 3026 ciuitatibus,
1343 2960 1458 3038 quam

381 3055 467 3130 siin
483 3055 629 3151 magula
653 3054 779 3150 regnis
801 3065 845 3136 et
858 3053 1021 3152 imperiis
1046 3051 1121 3128 hoc
1145 3052 1245 3146 ideJn
1269 3062 1456 3128 tentatum

378 3166 476 3244 esset
526 3165 627 3244 -Satis
653 3173 806 3264 quoque
833 3163 907 3259 hoc
935 3165 1096 3248 docuit
1085 3167 1328 3265 ¹imperiorum
1356 3179 1458 3240 vete-

377 3304 464 3367 rum
487 3299 553 3380 per
570 3278 688 3357 Asiam
707 3279 876 3374 lulloria3
901 3301 1015 3379 quam
1037 3303 1168 3380 parurn
1193 3281 1295 3356 eninr
1318 3278 1386 3356 illa
1409 3277 1460 3356 ad

286 3479 290 3482 ⁴
376 3395 515 3471 bonam
540 3386 690 3492 legum,
703 3390 987 3490 descriptionem
1014 3393 1255 3494 profecerint,
1293 3393 1372 3492 ipsa
1399 3417 1461 3470 res

288 3556 291 3561 ·
378 3507 589 3589 deelarauit.
620 3501 788 3584 «eontra
803 3505 928 3582 inillis
944 3509 1066 3606 paruis
1082 3509 1292 3587 ciuitatibus
1309 3509 1461 3607 experi-

335 3665 339 3670 ι
376 3633 503 3698 menta
529 3619 634 3698 farta
652 3624 756 3709 suut,
798 3641 872 3718 qua
904 3621 962 3696 uia
988 3641 1030 3698 ac
1054 3625 1197 3699 ratione
1223 3621 1460 3728 respublicae

353 3735 491 3813 ‘condi
508 3747 545 3810 et
565 3734 738 3812 constitui
754 3732 904 3833 polline
913 3731 982 3821 fic
1023 3749 1063 3810 vt
1080 3734 1163 3812 finis
1189 3716 1378 3813 eiusmodi
1404 3735 1469 3812 so·

377 3852 518 3927 cientis
539 3847 742 3957 humanae,
782 3849 926 3948 felicitas
951 3869 1030 3940 non
1057 3851 1191 3938 vuius,
1218 3873 1289 3926 nec
1306 3865 1458 3950 pauco-

372 3988 479 4053 rum,
521 3961 580 4067 [ιιι
598 3967 762 4057 omnium,
808 3961 931 4039 sinon
952 3963 1117 4062 aequalis
1140 3987 1195 4040 ac
1209 3985 1294 4064 par,
1344 3962 1458 4039 nullo

375 4086 516 4154 namen
522 4077 597 4154 alio
629 4051 748 4175 gradu
772 4075 980 4176 discrepans
1006 4091 1044 4152 et
1070 4077 1320 4176 inaequalis,
1341 4099 1460 4182 quarn

376 4213 494 4350 quern
514 4204 665 4271 naturae
683 4189 878 4290 disparitas
906 4202 944 4266 et
962 4190 1205 4292 inaequaliter
1229 4191 1335 4282 facit,
1386 4193 1461 4267 ob·

673 4352 675 4357 ·
1341 4304 1459 4381 tineri
