3292 5134
398 587 478 673 418
786 580 1070 608 -„...........
1144 667 1149 674 .

351 801 364 818 ..
399 811 404 818 .
492 735 589 824 'lam
618 737 777 837 primurn
804 737 843 808 in
874 729 1110 810 describenda
1139 747 1177 811 et
1208 719 1469 836 componenda

396 851 680 952 instruendaque
697 845 938 948 Vniuersitate
953 850 1072 925 nostra
1095 861 1274 947 quantum
1287 851 1362 929 llle
1377 855 1470 930 vltra

394 963 531 1046 saeculi
554 967 606 1044 sui
629 965 837 1065 sapientiam
863 961 997 1061 sapuit!
1028 965 1195 1062 inprimis
1222 961 1248 1040 fi
1267 989 1331 1042 eos
1350 991 1467 1074 annos

397 1085 528 1156 animis
555 1082 748 1180 reputetis,
790 1082 829 1153 in
854 1099 950 1176 quos
967 1078 1046 1152 eius
1062 1079 1194 1176 ,prima
1211 1093 1306 1155 aetas
1328 1082 1467 1158 incido

330 1245 334 1258 «
376 1179 473 1274 ‘rati
533 1195 649 1289 Quod
666 1196 765 1270 eninr
792 1215 895 1280 nunc
919 1190 964 1266 de
980 1191 1246 1302 academiarum
1270 1198 1412 1272 naturis
1427 1222 1467 1272 ae

398 1308 524 1387 eauffis
557 1311 696 1386 iursrci'a·
723 1295 851 1408 paullo
880 1304 1069 1381 subtiliora
1100 1307 1209 1386 etiam
1242 1309 1287 1383 ab
1315 1311 1466 1386 eruditis

395 1427 483 1501 viris
500 1427 539 1499 in
557 1414 722 1501 medium
743 1419 900 1523 proferri
914 1442 1081 1518 coepere,
1096 1433 1099 1438 ’
1112 1417 1314 1518 Gottingae
1327 1425 1468 1500 nostrae

288 1543 304 1632 j
337 1534 352 1556 ''
398 1527 535 1636 magna
551 1561 599 1612 ex
615 1550 717 1636 parte
734 1537 908 1626 debetur3
938 1527 1260 1632 quandoquidem,
1288 1542 1465 1637 quoniam

173 1733 176 1750 Ι
397 1655 437 1730 ln
454 1653 522 1728 hac
538 1649 734 1728 Academia
760 1650 875 1727 multa
899 1647 1005 1723 aliter
1022 1663 1059 1724 et
1074 1648 1206 1724 melius
1223 1650 1387 1728 instituta
1401 1651 1466 1728 else

389 1768 573 1842 ¹uidebant
596 1767 787 1868 homines,
825 1761 1141 1861 contemplatione
1163 1766 1242 1839 eius
1271 1767 1324 1840 rei
1348 1781 1386 1841 et
1402 1769 1466 1843 oin

307 1869 318 1886 '
394 1879 602 1975 seruatione
626 1881 776 1953 excitati
791 1879 831 1951 in
847 1873 981 1970 caussas
1010 1899 1053 1952 ac
1069 1875 1181 1954 sinent
1208 1877 1368 1962 confiliis
1384 1905 1467 1979 pro-

311 2007 318 2032 '
395 1991 555 2092 positum
574 1999 763 2067 tentarunt
782 1991 992 2090 inquirere,
1021 1990 1111 2066 hinc
1127 1992 1172 2066 ad
1190 1990 1265 2068 ‘alia
1279 1995 1463 2092 progredi.

397 2105 542 2182 Verum
573 2104 860 2182 Mvucnrrvsrvs
900 2106 973 2179 iarn
1005 2116 1105 2192 tum,
1147 2127 1235 2182 cum
1270 2131 1340 2182 nec
1368 2111 1463 2183 inter

305 2254 309 2272 1
395 2213 559 2297 eruditos
584 2223 780 2319 quisquam
804 2237 845 2294 ea
863 2217 909 2293 de
931 2242 970 2293 re
990 2221 1191 2315 cogitaret,
1226 2221 1319 2296 vidit
1333 2223 1372 2296 in
1389 2245 1466 2299 aca-

396 2335 528 2411 demiis
549 2319 667 2412 multa
686 2331 753 2409 esse
783 2357 831 2410 ex
846 2333 996 2432 antiqua
1023 2331 1212 2432 disciplina
1236 2336 1464 2425 monachica,

309 2433 316 2464 ⁵
388 2448 466 2524 nec
486 2451 592 2523 vnius
611 2449 692 2524 aeui
709 2447 768 2525 vel
784 2446 936 2548 populi,
971 2445 1151 2546 profetia,
1184 2471 1279 2548 quae
1295 2473 1316 2524 a
1335 2451 1465 2527 melio-

395 2585 479 2638 rum
507 2549 718 2661 temporum
745 2564 888 2638 ratione
912 2559 1029 2636 aliena
1056 2559 1316 2650 sunt,‘saltem
1333 2563 1398 2666 sua
1415 2592 1467 2641 ra-

394 2677 497 2752 tione
518 2694 618 2750 nunc
635 2677 888 2752 destituuntur.
948 2670 1169 2751 Litterarum
1191 2674 1465 2785 allonouiensis

394 2773 483 2864 inde
500 2791 565 2864 'vel
590 2787 789 2866 Parisrenfis
812 2788 1075 2889 Vniuersrtatr's'
1099 2791 1306 2896 originibus
1329 2809 1464 2892 quanta

354 2896 360 2906 ’
392 2903 483 2980 falla
507 2903 592 2982 sunt'
614 2903 859 2980 incrementa!
893 2924 1006 3004 quam
1028 2905 1220 2981 immutata
1241 2904 1464 3004 lingularum

278 3111 281 3118 ι
392 3013 687 3117 disciplinarum,
730 3017 1069 3119 philosophicarum
1099 3019 1287 3116 inprimis,
1334 3021 1462 3100 facies!

392 3131 577 3208 nonnulla
603 3135 713 3208 etiam
737 3157 839 3211 noua
864 3155 988 3210 earum
1007 3153 1142 3230 genera
1158 3155 1201 3207 ac
1224 3136 1381 3212 nomina
1404 3161 1464 3213 ex-

392 3261 492 3333 orta,
534 3269 649 3345 eaque
672 3243 922 3345 pristinisillis
947 3245 1093 3324 utiliora
1114 3241 1211 3328 sorte
1237 3260 1287 3337 et,
1298 3249 1462 3348 potiora!

392 3360 614 3436 commercia
632 3362 742 3436 etiam
764 3361 961 3437 hominum
975 3383 1193 3460 rerumque,
1223 3361 1465 3466 diuersarum·

393 3491 467 3569 que
492 3474 588 3549 inter
605 3471 854 3572 legentium,
888 3474 1043 3552 maiora!

452 3769 457 3779 ,
505 3687 638 3791 Longa
656 3691 741 3770 esset
764 3696 903 3784 oratio,
933 3694 1147 3798 fipersequi
1172 3700 1349 3812 vellem„
1372 3697 1463 3808 quae

391 3805 431 3879 in
450 3803 655 3882 studiorum
679 3811 822 3885 ratione
851 3813 956 3888 exiis
981 3811 1106 3888 caussis
1128 3830 1192 3890 aut
1217 3829 1361 3896 mutata
1385 3821 1450 3897 sun

317 3974 321 3985 .
392 3923 611 4024 autmutari
633 3921 852 3999 debuerunt.
911 3922 1013 4004 Haeo
1029 3923 1153 4004 vidisse
1174 3941 1211 4004 et
1231 3931 1450 4022 animaduer

270 4039 272 4044 “
349 4016 358 4032 “
392 4028 490 4120 tiffe,
528 4055 660 4132 magna
683 4051 760 4112 erat
786 4042 826 4112 in
853 4036 1121 4118 Mvucrrnvs'ro
1149 4041 1334 4124 sollertiae
1359 4062 1400 4125 et
1418 4050 1449 4124 sa

271 4208 274 4216 .
393 4147 557 4240 gacitatis
583 4148 679 4242 laus3
711 4151 813 4228 nun‘c
831 4151 995 4228 sobriam
1009 4159 1088 4233 eius
1112 4154 1346 4258 sapientiam,
1378 4188 1424 4264 pr

387 4255 539 4339 vdentem
564 4282 606 4338 ac
637 4276 781 4341 cautam
804 4265 1107 4372 moderatamque
1136 4271 1373 4372 diligentiam
1406 4303 1425 4353 c

1234 4457 1239 4462 .
1294 4391 1461 4490 gnosritd
