3292 5134
224 496 236 501 ·-
350 461 428 523 120'
525 466 576 522 τ’

765 360 769 369 ,

742 399 760 423 ,,

739 426 1033 487 Μ,

785 489 788 497 ,

338 620 387 689 'aa
404 611 493 689 dote
503 610 516 703 ,’
539 609 698 711 ,quippe
721 612 857 708 exigua
879 630 923 685 ac
945 609 1071 698 tenui,
1116 622 1172 697 nt,
1205 607 1253 688 ad
1286 604 1454 687 Atticae

260 731 263 739 ‘
345 726 472 804 saltem
496 728 676 814 rationes,
710 724 881 807 nondum
902 724 947 801 ad
967 716 1099 801 XCIV
1125 720 1443 799 thalerosass'ur-

347 856 478 942 gente,
510 844 574 917 vix
600 842 736 916 bonam
754 838 1011 916 conditionem
1035 850 1112 914 erat
1132 826 1369 930 inuentura3'
1398 862 1440 913 ea

305 1006 308 1014 ,
346 953 517 1055 lacrymis
543 938 791 1055 precibusque
814 952 996 1054 apopulo
1029 954 1214 1041 obtinuit,
1253 964 1314 1039 vt,
1345 952 1443 1051 lege

314 1086 504 1181 nouato,
544 1072 648 1154 diues
666 1075 904 1171 propinquus
933 1090 1149 1169 quanquam
1169 1070 1327 1167 inopem
1357 1065 1441 1143 fine

348 1185 621 1263 dotevxorem
652 1186 786 1263 ducere
813 1178 1018 1284 cogeretur.

467 1399 571 1482 Haec
584 1402 661 1481 fere
681 1404 776 1495 sunt,
805 1387 919 1481 ¹Ciues
937 1399 1132 1495 Cariffinri,
1146 1408 1149 1413 '
1162 1426 1256 1505 quae
1270 1358 1442 1481 circum·

324 1568 328 1576 »
350 1515 587 1619 spicientibus
605 1522 713 1615 nobis
728 1519 799 1599 sese
823 1517 1045 1597 obtulerunt
1060 1512 1277 1597 Charondae
1299 1516 1441 1618 legum

272 1704 275 1716 ,
318 1622 576 1732 ‘''fragmenta3
619 1634 958 1735 noniila'quidem
980 1650 1123 1735 magno·
1144 1656 1325 1721 nurnero,
1366 1658 1472 1713 neci

351 1744 435 1824 satis
459 1753 620 1848 integra,
660 1773 708 1825 ex
733 1752 870 1851 quibus
901 1762 1026 1826 tamen
1056 1748 1240 1849 praeclare
1265 1746 1441 1847 intelligi
1472 1765 1473 1801 t

211 1866 219 1965 'x
266 1916 270 1925 -
350 1862 505 1961 potest(
531 1866 641 1939 etiam
668 1862 770 1941 hunc
798 1867 918 1941 virum
952 1860 1249 1963 sapientissimum
1277 1861 1474 1941 morum*

240 2014 243 2021 ·
332 1974 548 2066 *sanititati
581 2000 624 2053 ac
646 1978 857 2079 disciplinae
881 1977 1100 2055 domesticae
1125 1992 1162 2055 et
1189 1976 1440 2054 institutionis

353 2078 506 2193 puerilis
538 2090 755 2179 seueritati‚·
785 2108 961 2194 tanquam
996 2091 1257 2180 fundamento,
1299 2090 1439 2191 legum
1476 2151 1477 2163 i

355 2204 502 2284 suarum
532 2206 784 2285 auitoritatein
813 2209 1030 2311 ciuiumque
1062 2206 1276 2287 felicitatem
1303 2202 1441 2307 super·
1477 2250 1478 2253 κ

353 2320 563 2399 struendam
589 2320 658 2398 effe
685 2320 832 2422 putass'e.
896 2322 1003 2417 Quae
1023 2324 1149 2421 itaque
1166 2324 1277 2398 resin
1295 2320 1441 2399 nostris

269 2477 278 2489 κ
354 2436 517 2533 imperiis
539 2460 580 2511 ac
605 2438 818 2534 ciuitatibus
842 2460 922 2513 non
947 2436 1054 2512 facile
1078 2426 1225 2537 legibus
1256 2458 1440 2537 compre·
1479 2441 1480 2447 ‘

352 2548 463 2625 hensa
483 2547 553 2651 effe
575 2546 688 2643 iulet3
716 2554 851 2649 partim
869 2552 1048 2651 quoniam
1063 2552 1103 2627 in
1127 2550 1200 2651 ipsa
1214 2564 1440 2649 temporum

340 2662 629 2761 ,hominumque
654 2664 820 2743 barbarie
844 2678 880 2744 et
896 2664 1150 2764 superstitione
1176 2687 1289 2763 regna
1308 2678 1350 2739 et
1365 2666 1440 2741 im-

355 2779 456 2879 peria
479 2778 600 2854 nostra
630 2780 734 2855 initia
766 2778 827 2855 sua
858 2779 1038 2869 habuere,
1083 2782 1217 2879 partim
1250 2780 1441 2884 quoniam

176 2941 178 2956 ι
203 2873 208 2887 ’
248 2981 254 2993 „
356 2916 505 2971 urorum
522 2890 750 2992 disciplina-ur
766 2893 838 2995 ipsa
865 2893 1049 2971 doiirinae
1065 2890 1251 2970 ianttioris'
1267 2888 1438 2971 formula

272 3002 283 3015 ⁸
357 3030 400 3097 ac
425 3008 599 3107 religioso
626 3010 701 3085 ritu
726 3012 911 3087 contineri
941 3008 1115 3085 videbant
1140 3011 1317 3114 maiores,
1361 3031 1438 3095 nec

355 3121 481 3210 tamen
504 3122 868 3233 animaduertebant,
899 3123 945 3199 ad
971 3120 1298 3223 metaphyiicarum
1321 3144 1440 3221 quae·

259 3314 268 3325 ,
357 3236 519 3313 stionum
535 3230 774 3316 subtilitatem
801 3254 841 3322 et
864 3240 1169 3316 caerimoniarum
1191 3240 1286 3315 ritus
1301 3240 1436 3315 omnia

243 3433 246 3438 ,
358 3347 578 3453 paffim'effe
603 3351 767 3451 delapia3
796 3354 930 3452 partini
954 3355 1152 3452 quoniam,
1182 3366 1221 3427 vt
1242 3353 1280 3427 in
1301 3354 1434 3429 ciuita-

357 3467 456 3540 tibus
483 3466 672 3565 paruisac
693 3466 837 3554 liberis;
874 3470 923 3541 ita
941 3490 1152 3567 nonaeque
1177 3468 1217 3542 in
1242 3468 1370 3564 regnis
1402 3480 1440 3543 et

358 3581 520 3678 imperiis
547 3585 709 3681 magnis,
749 3580 969 3681 disciplinae
994 3582 1212 3659 domesticae
1241 3582 1441 3681 prouideri

268 3719 272 3728 ’
357 3718 400 3771 ac
417 3694 559 3771 consuli
578 3688 683 3796 :palie
704 3699 828 3794 aiunt3
866 3721 908 3773 ea
932 3700 1058 3797 itaque
1080 3718 1159 3787 res,
1188 3718 1282 3797 quae
1301 3696 1441 3775 nostris

359 3807 539 3887 aetatibus
556 3813 594 3885 in
614 3812 783 3913 politiam
808 3811 884 3888 fere
910 3815 1089 3897 reficitur,
1128 3809 1258 3909 legum
1280 3810 1438 3911 istarum

357 3914 519 4013 funduni
536 3940 572 4001 et
593 3924 705 4014 bane,
730 3950 844 4027 quam
857 3951 926 4003 uos
942 3924 1181 4031 appeiiamus,
1209 3924 1437 4003 constituere

358 4039 510 4119 solebat.
586 4039 677 4133 Quo
698 4038 833 4117 fuitum
855 4042 926 4130 est,
959 4056 999 4115 vt
1026 4038 1179 4135 santiior
1205 4061 1247 4115 ac
1269 4035 1437 4117 seuerior

297 4193 305 4211 ·
358 4153 550 4258 disciplina
579 4156 677 4233 inter
706 4154 878 4233 homines
908 4178 930 4231 a
957 4150 1034 4237 veri
1063 4152 1123 4230 dei
1152 4153 1258 4233 cultu
1290 4152 1439 4231 alienor

1004 4284 1007 4293 ·
1260 4269 1439 4367 riguerit,
