3292 5134
597 672 601 679 ,
1185 572 1264 660 tm

240 722 244 727 ’
306 721 471 809 Primum
488 718 661 807 omnium
678 710 878 808 videamus¹
893 730 985 821 iam,
1016 725 1065 807 od
1080 750 1176 829 quom
1189 729 1267 833 sor-

177 870 280 922 mam
300 844 535 949 Sybaritarum
564 870 603 921 oc
616 939 618 946 ¹
633 842 833 921 Titiniorum
855 868 941 947 resp,
967 844 1128 951 descripto
1145 849 1264 947 stoli,
1325 940 1330 950 Ι

173 954 312 1038 Pauca
334 958 418 1035 sunt
433 960 486 1035 rei
511 958 677 1058 uestigia,
710 957 1038 1061 .quibttains1stens
1060 954 1106 1037 ad
1125 975 1269 1039 certum

171 1061 603 1172 -aliquidstatuendum-
622 1074 826 1173 peruenias.
892 1069 938 1151 ln
963 1086 1086 1151 uetere
1113 1072 1267 1174 quidem

183 1184 330 1276 Subari
350 1192 572 1287 optimatum
596 1185 636 1263 in
654 1206 730 1287 rep.
761 1185 1042 1265 administranda
1068 1202 1188 1289 partes
1214 1194 1268 1266 vi-

177 1301 329 1378 dentur
355 1297 457 1379 inille
476 1300 707 1403 praecipuae,
736 1322 832 1401 quae
852 1301 917 1378 iub
936 1302 1093 1380 labentis
1109 1302 1267 1381 ciuitatis

177 1415 379 1515 tempora,
420 1388 548 1516 ‘lelyis
571 1414 739 1516 inprimis
765 1413 1006 1516 populatibus
1035 1418 1179 1507 studia,
1220 1416 1284 1495 ad-

178 1530 383 1631 populum
395 1529 478 1606 sunt
494 1525 685 1609 translatae
695 1528 749 1628 (v.
762 1530 838 1631 sup.
851 1528 1060 1607 Comment.
1079 1552 1114 1631 p.
1134 1533 1265 1629 135.);

182 1658 230 1719 et
256 1655 335 1720 tota
357 1643 445 1720 belli
468 1662 554 1721 cum
573 1636 799 1721 Crotoniatis
822 1646 913 1744 gesti
931 1648 1025 1735 ratio
1041 1666 1169 1723 caecos
1188 1646 1267 1749 ple·

180 1760 250 1833 bis
270 1757 412 1835 furores
435 1758 455 1834 l
463 1763 517 1836 cis
541 1758 671 1858 arguit.
731 1757 834 1837 Vrbe
847 1778 935 1836 vero
949 1759 1143 1837 instaurata
1160 1754 1266 1837 Thu·

189 1873 272 1947 rios
298 1869 343 1974 ad
353 1875 550 1973 popularem
565 1879 692 1977 flatum
719 1892 834 1975 remp.
853 1870 1088 1974 temporalia,
1133 1870 1265 1951 diserte

179 2004 377 2063 narratum
396 1986 445 2064 eil
464 2010 484 2063 a
503 1982 680 2066 Diodoro
698 1982 812 2084 (XII,
838 1994 932 2080 11.),
963 1993 1140 2087 ciuesque
1163 1988 1202 2063 in
1221 1984 1265 2065 X

182 2099 311 2177 tribua
343 2097 563 2201 descriptos,
600 2103 818 2181 nominibus
847 2101 893 2175 ab
915 2099 1061 2198 origine
1085 2114 1123 2175 et
1148 2103 1266 2199 patria

178 2212 386 2313 impostum
419 2215 618 2312 exquibus
637 2209 869 2309 intelligitur,
900 2230 948 2287 ex
963 2226 1040 2287 tota
1060 2212 1135 2287 fere
1153 2211 1269 2291 Grae·

184 2330 250 2404 cia
276 2346 399 2402 nouos
423 2324 583 2403 colonos
601 2320 707 2422 suillo
726 2321 911 2401 colledos.
972 2320 1111 2401 Contra
1131 2319 1267 2403 Aristo·

185 2437 288 2516 telos
316 2439 432 2517 videri
454 2439 574 2539 potest
599 2439 661 2515 seu
678 2437 955 2515 aristocraticam
979 2438 1043 2515 seu
1068 2438 1267 2539 oligarchi-
1309 2448 1313 2465 “

183 2573 275 2631 cam
294 2562 409 2655 remp.
431 2548 658 2632 Thuriorum
683 2552 858 2657 pindere:
888 2552 993 2631 cuiue
1016 2572 1169 2655 quoque
1201 2575 1266 2631 au-

182 2668 356 2745 ctorime
377 2663 669 2747 Bentleius·tsos
693 2662 908 2747 Diodorum
931 2668 1093 2746 animose
1116 2672 1266 2769 impug-

187 2796 259 2859 nat
281 2787 350 2877 o);
390 2800 472 2860 non
502 2796 578 2860 tam
603 2778 767 2862 Diodori
790 2796 854 2860 out
882 2780 1101 2859 Charondae
1133 2774 1263 2871 euulsa,

185 2916 308 2996 quam
326 2908 366 2972 ut
379 2896 624 2974 aduersarium
640 2892 815 2997 Boylium
831 2898 1002 2995 exagitet.
1062 2888 1283 2993 Enimuero
1312 2973 1317 2982 ,

183 3008 359 3087 ciuitates
373 3007 440 3085 hae
459 3032 525 3110 per
541 3008 685 3088 Italiam
702 3024 747 3088 -et
763 3008 924 3087 Siciliam
948 3008 1085 3087 multas
1102 3011 1268 3109 plerum·

177 3143 269 3225 que
293 3125 515 3201 mutationes
541 3112 712 3224 expertae
737 3124 852 3216 sunt„
885 3136 925 3199 tt
951 3126 1105 3201 lubInde
1128 3146 1185 3201 rea
1217 3122 1264 3203 ab

183 3238 436 3338 optimatibus
453 3241 499 3316 od
513 3240 731 3342 popularem
743 3237 875 3315 ilatum
888 3250 951 3315 aut
967 3235 1014 3317 ad
1024 3234 1266 3339 oligarchiam

185 3340 398 3441 inclinaret
427 3369 522 3431 auto
540 3352 818 3453 democratiam
838 3350 945 3431 aliam
959 3350 1118 3446 formam
1134 3358 1262 3431 abiret.

168 3463 313 3554 ,Potest
346 3489 501 3569 quoque
532 3467 653 3552 forrnd
689 3466 811 3568 aliqua
850 3460 1074 3573 popularem
1105 3468 1267 3569 speciem

186 3581 344 3673 habere,
382 3596 419 3658 et
433 3579 580 3674 tamen,
617 3578 906 3681 ilpetspicacior
932 3581 1064 3681 aliquit
1088 3582 1196 3660 altius
1223 3583 1266 3659 in

187 3693 366 3773 interiora
387 3690 601 3787 descendat,
628 3686 730 3772 ‘inter
745 3693 983 3774 aristocratiae
999 3693 1189 3775 referenda
1212 3698 1267 3771 vi·

192 3809 285 3898 deri,
296 3797 477 3912 quatenus
496 3814 534 3889 ln
550 3813 614 3889 illa
632 3801 771 3889 scilicet
785 3810 1006 3909 optimatum
1027 3806 1173 3913 opibus,
1185 3830 1268 3907 gra=

189 3922 260 4013 tia,
291 3922 472 4010 clientelis
498 3943 561 4004 aut
585 3926 697 4012 etimn
711 3925 850 4002 artibus
876 3936 913 4001 et
929 3922 1106 4024 canillis,
1133 3914 1267 4025 populi

188 4037 278 4119 scita
297 4051 339 4118 vet
360 4039 505 4118 decreta
527 4053 734 4235 reguntur}
777 4049 1015 4131 coercentur,
1059 4054 1269 4139 temperari·
1321 4074 1325 4081 ·

763 4182 787 4233 a
1189 4158 1261 4227 tur.
1392 4228 1395 4237 .

228 4407 272 4496 a)
298 4402 380 4497 Diff.
399 4426 482 4495 ttpott
500 4403 796 4510 Pialatitmdz·
830 4412 834 4423 '
