3292 5134
331 502 572 592 '³⁰4'

395 656 441 757 pd
472 653 607 761 JovIr
606 652 823 737 Homonoei
848 652 1030 753 templum
1056 649 1290 731 celebralle
1278 671 1365 731 ram
1398 651 1470 731 alio

255 777 257 785 ⁴
393 784 562 873 tempore
578 766 735 849 vidimus
756 766 803 867 l.)
863 765 945 845 Nec
960 781 1082 847 umen
1100 766 1160 843 vel
1180 765 1230 845 lic
1250 767 1466 846 coniunttis

393 887 534 963 viribus
556 881 779 981 Dionysium
800 880 1114 981 Syracusanorum
1133 896 1341 980 tyrannum
1372 883 1464 960 lulli

339 1096 345 1109 ἢ
394 1024 483 1082 nere
498 1013 669 1099 potuere3
698 998 801 1077 lobiis
820 999 918 1073 eninr
935 995 1033 1073 villis
1050 996 1257 1097 fugatisque
1277 996 1460 1075 Caulonis

395 1113 517 1193 dedita
537 1127 573 1189 et
590 1112 669 1191 so'lo
695 1123 866 1213 aequata,
903 1111 1046 1189 ciuibus
1069 1110 1258 1212 Syracusas
1284 1110 1460 1189 traduilis

395 1223 548 1329 Olymp.
567 1223 730 1316 XCVII,
749 1250 785 1323 4.
816 1225 888 1321 m).
924 1222 1025 1325 Ager
1041 1221 1169 1303 Locris
1194 1222 1313 1303 datus.
1383 1222 1460 1303 Nec

392 1343 571 1423 aduersari
587 1342 786 1421 narrationi
809 1338 995 1439 putandus
1019 1340 1068 1417 est
1090 1340 1220 1419 Strabo
1240 1368 1263 1415 n
1276 1335 1314 1435 ),
1352 1343 1455 1440 quia

391 1456 554 1549 barbaris
571 1456 701 1537 eiectos
719 1453 861 1533 incolas
874 1455 913 1531 in
931 1450 1051 1531 Sicilia
1068 1477 1184 1532 nouas
1213 1453 1318 1531 sedes
1348 1477 1455 1555 quae-

275 1568 278 1581 '
390 1570 498 1659 strum
513 1570 696 1673 prosaltor
715 1566 935 1649 Cauloniam
959 1565 1066 1646 aliana
1092 1564 1293 1650 condidilse
1316 1582 1451 1645 narrat:

390 1680 540 1761 Fallunt
576 1689 676 1761 enim
709 1681 784 1763 boc
817 1682 892 1759 alio
919 1697 1095 1783 tempore.
1181 1680 1336 1781 Scilicet
1374 1684 1452 1760 vrbe

347 1814 349 1823 ’
390 1796 520 1899 paullo
551 1798 632 1895 post
652 1794 812 1874 restituta
835 1819 879 1871 ac
903 1799 1012 1873 nouis
1042 1795 1185 1875 colonis
1206 1795 1448 1897 frequentata

338 1914 342 1921 '
388 1906 612 2009 aDionysao
637 1912 801 1998 iuniore,
834 1922 875 1985 at
896 1908 1034 1997 ierunt,
1071 1907 1264 1989 succellere
1289 1924 1449 2011 tempora

389 2022 481 2103 belli
499 2020 754 2106 Romanorum
774 2047 860 2101 cunr
875 2020 1034 2125 Pyrrho:
1064 2039 1169 2127 capta
1196 2038 1330 2103 runca
1353 2030 1441 2105 cam-

388 2142 494 2241 pania
517 2136 774 2221 Rornanorum
796 2136 1035 2217 auxiliaribus
1067 2142 1152 2218 vrbs
1182 2152 1217 2217 et
1243 2132 1442 2239 deletae).

267 2276 271 2291 “
366 2252 473 2339 naec
488 2278 540 2344 ea,
564 2257 675 2333 tertio
693 2254 877 2342 testinata,
908 2253 997 2332 belli
1020 2256 1120 2331 enim
1135 2249 1265 2331 Punici
1285 2262 1444 2355 tempore

389 2370 430 2445 in
461 2366 679 2446 Hannibalis
703 2370 869 2467 partibus
890 2381 1115 2446 memoratur
1141 2372 1219 2467 p),
1257 2368 1444 2447 meliorem

342 2485 345 2494 “
387 2480 577 2559 lbrtunarn
599 2478 699 2559 nacla
719 2481 789 2559 est:
824 2504 910 2557 nam
933 2481 1120 2561 Strabonis
1137 2495 1310 2583 tempore
1334 2484 1444 2562 douo

389 2606 466 2671 erat
494 2606 530 2671 et
554 2593 696 2705 ‘vallata
1474 2597 1475 2606 '

1078 2822 1086 2837 '
1150 2772 1153 2781 Ι
1278 2816 1445 2922 Pandosia

429 3110 457 3189 l)
478 3120 508 3177 r.
520 3109 636 3173 Prolnl
653 3110 691 3173 de
708 3108 880 3175 Crotoniat.
893 3129 958 3193 rep
968 3118 1000 3175 et
1016 3110 1110 3177 instit.
1131 3130 1163 3195 p
1169 3124 1238 3192 189
1282 3112 1438 3178 blestinen

498 3194 583 3257 launo
602 3192 714 3267 Jouenr
741 3192 843 3259 tiliana
863 3198 949 3265 nurui
969 3196 1234 3267 Cauloniatarum
1273 3196 1309 3259 in
1334 3197 1439 3277 quibua

408 3318 413 3333 .
497 3274 619 3353 Jupiter
647 3275 794 3339 imberbis
820 3291 854 3341 et
882 3280 986 3343 nudua
1011 3280 1189 3353 exhibetur.
1212 3281 1355 3353 brachio
1381 3278 1442 3341 ele·

320 3392 324 3399 ’
388 3395 391 3409 “
497 3358 658 3538 illul?
676 3356 966 3515 initulis
983 3361 1446 3516 „llllt‘ss‘llla‘b‘’l'‘'l

1095 3469 1111 3509 e
1289 3469 1311 3509 ο
1394 3468 1431 3511 un

497 3544 537 3587 ex
556 3525 660 3587 numia
681 3522 770 3587 multl
789 3523 827 3587 ab
841 3526 936 3590 altera
952 3540 1036 3613 parte
1050 3529 1157 3595 incula.
1198 3531 1323 3611 Jupiter
1336 3533 1446 3605 nudus,

497 3608 659 3689 gradiens,
680 3606 799 3674 fulmen
822 3609 960 3689 vibrans,
991 3613 1078 3697 (line
1105 3615 1260 3697 puerulo)
1294 3617 1448 3695 pendente

353 3783 356 3791 .
387 3762 391 3771 .
495 3691 656 3755 exaltero
683 3687 808 3759 brachio
838 3695 946 3779 aegide
975 3698 997 3764 s.
1021 3698 1101 3783 pelle
1123 3718 1229 3780 caprae
1255 3697 1448 3771 Amaltheae

495 3782 601 3841 vetere
617 3794 712 3851 nore
734 3778 766 3843 iu
785 3798 882 3843 numo
900 3781 943 3849 est
964 3803 1014 3869 ap.
1032 3782 1302 3869 aelhelsyuoge
1317 3782 1447 3862 r.1,11

353 3919 356 3933 ”
423 3914 478 4008 m)
503 3911 631 3979 Diodor.
647 3911 734 3989 XIV,
758 3918 829 3983 106

423 4050 467 4131 n)
494 4048 604 4118 Strabo
624 4046 645 4113 l.
665 4066 693 4111 e.
1006 4114 1011 4121 ,

422 4188 469 4267 o)
494 4186 543 4253 Ex
562 4182 727 4252 Pausaniae
748 4184 947 4266 nunoduu,
968 4185 1036 4253 te

419 4326 470 4403 p)
491 4316 561 4388 Ην.
576 4320 717 4399 XXVII,
741 4338 791 4395 ra.
811 4337 862 4400 ις.
984 4305 988 4313 ’
1122 4305 1126 4314 ’
