3292 5134
378 589 385 600 .
622 474 906 528 ...ηε-...ε
939 489 941 495 v
1219 515 1293 586 293

219 647 416 747 fingendus
440 649 593 728 nullam·
610 652 685 727 vim
718 652 853 728 habere
878 651 1027 752 potest·
1079 651 1127 728 Aa
1160 657 1291 752 priori·
1331 732 1334 740 ,

219 765 289 838 bus
316 764 496 842 aetatibus
509 769 603 848 vitae
615 783 814 874 praecepta
832 765 916 866 ipsis
937 766 1083 862 legibus
1102 791 1289 869 propone·

221 879 373 971 bantur3
405 895 469 955 eut
483 883 649 958 moribus
672 894 710 958 et
731 883 923 966 institutis.
955 885 1063 959 etiam
1082 879 1184 958 nulla
1209 908 1291 958 ver.
1393 919 1411 950 .»

220 993 363 1068 borum
388 998 656 1093 praeceptione⁸
675 995 857 1085 adhibita,
901 995 1191 1090 instillabantur;
1224 997 1287 1078 'ita
1338 1051 1339 1059 r

218 1096 346 1181 officiis
368 1109 585 1206 peragendis
611 1110 689 1208 ipso
714 1109 776 1186 vsu
793 1109 964 1186 homines
991 1107 1223 1186 assuefiebant
1240 1109 1284 1210 s).

218 1217 379 1296 Naturae
410 1213 591 1300 humanae
616 1239 653 1299 et
677 1225 815 1301 indolis
838 1229 1039 1324 ingenuae,
1071 1224 1173 1300 nulla
1202 1249 1285 1304 aua·
1390 1255 1394 1264 “

213 1337 293 1431 ritia
322 1348 360 1410 et
391 1335 540 1414 luxurie
569 1347 786 1438 corruptae,
826 1341 922 1414 inter
954 1337 1044 1416 haec
1073 1363 1206 1438 magna
1228 1343 1282 1418 vis

214 1447 283 1524 esse
319 1448 466 1538 debuit,
502 1453 770 1550 exemplorum
801 1469 923 1530 autem
956 1457 1050 1528 vitae
1091 1454 1283 1532 auctoritas

215 1563 366 1642 summa.
431 1563 520 1664 ipsis
542 1566 637 1642 reste
661 1567 761 1643 fatris
785 1570 960 1644 iuuentus
981 1569 1217 1645 erudiebatur
1246 1581 1284 1646 et
1308 1585 1310 1593 '
1355 1605 1356 1612 Ν

211 1678 502 1768 informabatur,
549 1705 597 1755 ne
619 1683 739 1758 verbis
770 1682 922 1780 quidem
949 1685 1112 1778 monita,
1156 1682 1282 1759 saltem

211 1791 316 1867 nulla
349 1789 709 1892 quaestiuncularum
743 1809 780 1872 et
816 1795 1106 1900 disputationrun
1138 1796 1282 1872 subtili·
1335 1872 1337 1876 ,
1371 1853 1376 1858 -
1410 1811 1413 1827 '
1475 1795 1481 1816 “

210 1919 294 1982 tate.
354 1905 453 1984 Mox
477 1911 585 1986 etiam
609 1913 893 1988 commemorari
916 1909 1004 1986 sassa
1032 1924 1068 1986 et
1089 1913 1127 1985 in
1156 1929 1281 1986 exem·

206 2019 318 2119 plum
340 2027 504 2122 proponi
532 2024 712 2118 debuere3
755 2024 904 2100 tandem
930 2027 1039 2102 etiam
1067 2023 1145 2098 flua
1171 2039 1280 2099 etex

206 2158 296 2210 vera
330 2138 407 2212 vita.
431 2138 653 2215 adumbrata.
735 2135 834 2213 Cum
861 2139 924 2242 his¹
953 2161 1067 2235 porro
1096 2137 1281 2212 nonnulla

202 2247 410 2346 symbolice
436 2255 596 2351 praecipi
620 2275 793 2351 coepere,
830 2251 970 2326 adscitis
996 2251 1168 2327 institutis
1186 2250 1280 2348 sym·
1314 2321 1319 2331 .

202 2364 352 2441 bolicis
410 2365 481 2442 Sed
504 2365 677 2467 symbolis
697 2365 753 2442 his
777 2367 903 2441 euenit
919 2364 957 2442 id
977 2364 1081 2464 quod
1106 2363 1184 2438 aliis
1203 2363 1278 2440 sere

203 2480 382 2556 omnibus
399 2479 587 2580 symbolis,
610 2492 660 2568 vt,
682 2479 785 2556 sensu
800 2479 997 2559 obliterato
1016 2502 1060 2554 ao
1074 2481 1110 2553 vi
1126 2477 1275 2570 sublata,

187 2607 372 2690 maneret
387 2592 537 2676 externa
556 2595 692 2694 agendi
713 2597 815 2670 ratio.
877 2593 937 2671 Sic
961 2593 1216 2670 lustrationum
1239 2605 1278 2668 et

197 2709 470 2806 purgationum
488 2707 618 2785 mansit
632 2711 734 2797 ritus4
764 2709 926 2806 ignorari
944 2709 1068 2806 coepit
1083 2705 1276 2782 consilium

200 2835 242 2898 et
263 2823 371 2898 ratio.
410 2819 549 2900 -Etiam
571 2821 674 2927 illud
704 2823 873 2922 inprimis
900 2824 1025 2900 animo
1060 2819 1276 2905 tenendum,

197 2936 310 3034 quod
332 2935 438 3012 facile
459 2939 500 3012 in
526 2936 657 3012 oeulos
682 2936 854 3024 incurrit,
895 2933 1018 3033 priscis
1044 2933 1276 3031 temporibus

199 3053 350 3126 nondum
365 3047 494 3151 fossam
521 3049 625 3145 segma
649 3048 835 3151 dirrifionem
853 3051 888 3124 in
910 3051 990 3124 iaris
1008 3045 1132 3145 publici
1143 3072 1185 3147 nc
1197 3049 1275 3146 pri·
1351 3115 1358 3130 ,
1462 3047 1466 3058 ’

198 3168 276 3241 nati
301 3176 335 3241 et
348 3151 605 3268 sucri'rodicarn,
631 3189 686 3238 uec
694 3161 851 3262 politiam
868 3174 899 3238 rt
924 3158 1087 3238 iudiciales
1109 3159 1200 3256 sagas,
1229 3172 1272 3246 at,

199 3277 296 3377 quod
320 3279 509 3379 appellunt,
536 3285 584 3355 ius
607 3277 771 3356 criminale
792 3277 935 3382 [eorsum
957 3270 1104 3378 suiffrsn
1127 3277 1193 3379 sua
1219 3301 1273 3354 ra,-

195 3398 276 3494 pito
290 3393 454 3472 redassum
471 3421 511 3470 ac
527 3392 751 3495 distributum
782 3405 910 3470 contra
927 3411 1015 3467 vero
1030 3404 1170 3468 veteres
1188 3389 1273 3466 istae
1352 3446 1355 3458 .

198 3508 307 3609 leges
330 3509 534 3608 promiscue
557 3532 599 3585 ac
615 3509 828 3607 permixtim
845 3509 962 3606 capita
982 3506 1104 3580 omnis
1127 3506 1273 3602 generis

198 3623 551 3722 complessebantur'.
610 3618 730 3698 Etiam
752 3621 905 3720 quando
921 3622 958 3694 in
979 3614 1052 3693 LL.
1072 3617 1219 3694 Solonis
1235 3627 1273 3690 et

196 3739 239 3812 in
256 3735 349 3815 XII.
361 3738 494 3815 tabulis
513 3737 666 3815 diremta
687 3736 791 3811 fuere
809 3737 888 3810 iura
902 3737 941 3810 in
957 3731 1063 3834 plura
1080 3753 1212 3829 genera
1230 3751 1273 3804 ae

196 3851 398 3956 settiones,
428 3851 589 3929 multum
614 3848 742 4040 adbup
764 3873 822 3926 res
848 3850 973 3925 aberat
994 3848 1128 3926 asiuua
1149 3842 1272 3971 alique

773 3988 789 4056 3
875 3985 879 4002 ·
1109 3969 1273 4056 partium

239 4239 278 4322 s)
308 4238 429 4319 ἀσκήσει
450 4243 509 4303 πᾶν
534 4239 630 4316 ἐθῶν,
661 4251 698 4304 vt
719 4260 769 4325 ep.
793 4235 916 4322 Ioseph.
945 4234 978 4298 iu
1008 4231 1122 4316 Apion.
1141 4230 1188 4310 ΙΙ,
1219 4229 1269 4298 16·

312 4324 465 4409 Exemplo
487 4325 546 4391 fiat
566 4325 726 4389 Cretenses
751 4336 783 4386 et
804 4317 1049 4396 Lacedaemonii.
