3292 5134
562 518 847 617 9:22

164 736 205 810 in
229 729 436 835 prouinciis‘
455 733 578 812 autem
593 735 800 836 quaestores
816 737 1076 836 prouinciales,
1098 737 1241 815 flandos
1288 778 1292 795 ι
1356 813 1359 820 .
1480 815 1481 822 ι

163 872 208 925 ac
224 848 492 948 procudendos
516 865 713 940 curarunt,
743 853 840 925 etin
862 852 1001 950 quibus*
1014 855 1148 952 partim
1168 853 1240 930 sol..

163 962 294 1040 lennia
314 963 494 1063 quaedam
518 963 683 1065 symbola
698 965 785 1064 reip.
803 963 1012 1057 Romanae,
1043 965 1102 1042 vel
1123 970 1240 1066 magi-

161 1077 296 1154 stratus
315 1076 369 1154 sui
387 1093 535 1168 notam,
564 1081 696 1178 partim
717 1101 774 1154 res
796 1079 896 1158 illius
920 1083 1006 1156 anni
1019 1083 1240 1162 memorabi-
1373 1070 1376 1086 '

163 1189 241 1280 les,
275 1206 341 1268 aut
355 1195 537 1270 maiorum
558 1192 709 1270 suorum
732 1196 907 1284 nomina,
939 1207 1083 1285 ortum,
1115 1195 1238 1274 hono·

164 1327 243 1395 res,
278 1329 339 1382 res
357 1307 404 1382 ab
424 1309 468 1382 iis
484 1307 599 1405 gestas
622 1306 864 1397 retornatas,
895 1312 1093 1388 memoriae
1114 1310 1237 1391 homi·

163 1443 258 1496 num
275 1418 486 1497 coniecrar‘e
507 1413 789 1498 consueuerant.
850 1422 1069 1514 Quaestores
1084 1427 1236 1522 prouin-
1261 1507 1262 1516 Ν

166 1534 299 1624 ciales,
327 1535 437 1610 etiam
452 1535 499 1621 ii,
528 1537 657 1634 quiin
684 1535 790 1611 bellis
811 1536 984 1614 ciuilibus
1010 1537 1110 1636 apud
1131 1554 1234 1627 exer·
1261 1601 1265 1606 .

164 1649 261 1724 citus
289 1661 410 1738 erant,
440 1662 480 1724 vt
498 1647 689 1748 stipendiis·
705 1647 890 1734 soluendis
907 1654 1102 1752 pecuniam
1119 1650 1237 1752 signa·

163 1776 268 1852 rent,
302 1774 446 1862 praeter
458 1761 642 1862 superiora
657 1761 732 1851 illa,
763 1760 872 1840 etiam
887 1761 1043 1842 Procoff.
1061 1788 1104 1842 ac
1117 1761 1235 1865 Lega-

164 1889 294 1952 torum
313 1888 376 1952 aut
389 1866 659 1975 Imperatorum
675 1876 827 1954 suorum
845 1877 1021 1968 victorias,
1046 1903 1103 1956 res
1119 1882 1234 1980 gestas

165 2014 207 2066 ac
228 1991 365 2066 decora
387 1991 427 2066 in
458 1993 581 2068 numis
607 1989 805 2090 fignarunt.
880 1987 959 2070 Effe
977 2017 1039 2068 eos
1065 1993 1233 2071 denarios

165 2127 210 2180 ex
226 2119 384 2202 argento
409 2127 563 2182 monere
579 2103 796 2181 vix-necesse
816 2104 886 2193 est,
912 2107 1038 2204 paucis
1064 2105 1235 2184 admixtis

167 2219 357 2317 quinariis,
377 2240 442 2319 qur
432 2218 546 2294 loco
563 2216 628 2293 suo
644 2242 665 2293 a
684 2218 793 2295 nobis
802 2219 1046 2294 n0.tabuntur
1107 2215 1234 2297 Certas

164 2354 382 2422 annorum„
402 2332 538 2430 quibus
556 2330 685 2430 fignati
701 2329 849 2410 dicendi
865 2329 945 2422 smt,
975 2337 1080 2454 np‘tas
1096 2335 1159 2409 vix
1175 2333 1236 2412 edi

162 2441 265 2546 poffe
281 2460 463 2545 putamus,
479 2469 527 2522 ne
543 2447 582 2521 in
592 2447 636 2522 iis
646 2443 796 2546 quidem
811 2449 933 2522 numis
935 2427 1045 2548 ,quos
1061 2443 1106 2523 ad
1115 2456 1234 2526 certos
1303 2449 1315 2536 J

162 2561 391 2659 magistratus
408 2559 657 2661 auttriumphi
674 2583 790 2643 annos
807 2559 942 2638 referre
951 2559 1056 2654 hcet
1086 2559 1236 2662 poliunt
1368 2554 1370 2563 ’

164 2679 267 2750 enirn
284 2673 432 2755 iidema
451 2687 587 2774 nepote
605 2687 668 2751 aut
687 2674 778 2759 aiio,
812 2671 879 2774 qur
869 2675 942 2752 ab
968 2699 1013 2752 eo
1033 2699 1151 2774 genus
1167 2676 1235 2754 du-

165 2792 293 2876 cebat,
323 2786 452 2885 {ignati
479 2786 557 2865 effe.
617 2787 891 2865 Reuocauimus
917 2812 1000 2877 eos,
1026 2792 1091 2888 qui
1110 2792 1149 2864 in
1165 2787 1234 2866 hac

162 2926 267 3001 penu
291 2903 410 2977 nostra
433 2900 643 2991 seruantur,
676 2901 722 2978 ad
738 2903 817 2976 {uas
836 2915 984 3003 gentes,
1024 2913 1078 2990 et,
1117 2923 1233 3000 quan-

162 3031 247 3091 tum
270 3037 337 3114 pro
360 3016 485 3091 nostro
506 3040 560 3090 rer
549 3015 848 3092 numismaticae
871 3013 989 3090 studio
1009 3028 1055 3091 et
1067 3037 1162 3114 pro
1165 3018 1235 3091 otii

163 3129 281 3205 nostri
303 3129 420 3205 modo
442 3128 560 3205 facere
583 3127 707 3218 licuit,
737 3130 775 3203 in
803 3127 886 3204 suos
913 3126 1060 3204 loculos
1092 3125 1233 3226 digeffi-
1328 3184 1335 3188 -

163 3267 260 3320 mus
332 3239 427 3319 Cum
455 3254 577 3318 tamen
598 3241 733 3319 ssmiles
755 3213 990 3318 denariorum
1015 3241 1150 3318 horum
1173 3266 1232 3318 re-

163 3356 328 3434 census
316 3379 389 3433 ram
410 3355 492 3433 fatti
506 3354 576 3431 sint
602 3358 647 3432 ab
670 3356 772 3445 aliis,
817 3379 864 3431 ne
884 3353 1002 3431 adium
1026 3377 1230 3455 ageremus
1237 3437 1241 3447 ¹

163 3476 201 3546 in
219 3492 353 3546 eorum
369 3473 671 3572 interpretatione
687 3469 825 3570 copiofi
841 3467 909 3546 effe
927 3468 1124 3546 noluimus.
1178 3465 1233 3544 Vt

164 3609 254 3662 tero
275 3586 322 3674 ii,
365 3587 431 3684 qui
448 3586 657 3662 vberiorem
676 3583 963 3687 explicationem
979 3580 1124 3671 srtiunt,
1168 3581 1235 3659 ha-

670 3696 706 3775 Z
739 3722 757 3791 3
1121 3698 1233 3773 beant
1294 3690 1301 3700 ⁸

276 3883 333 3950 sub
346 3893 520 3949 extremum
533 3886 615 3949 vitae
633 3903 770 3958 ιιιιιιιιιιι
790 3887 827 3946 ab
843 3884 984 3968 Augusto
1004 3894 1108 3950 umen
1130 3883 1232 3950 111ιίιί

277 3967 423 4032 restituti.
474 3968 556 4032 taem
578 3968 685 4034 Caesar
704 3970 741 4030 td
769 3968 885 4032 bellom
908 3967 1108 4052 Hispaniense
1128 3968 1232 4047 profe-

277 4049 389 4116 &urus
410 4051 577 4117 praetactis
596 4053 680 4117 vrbis
700 4051 816 4115 Romae
838 4046 890 4116 iub
916 4053 1034 4138 Lepido
1055 4050 1232 4116 constitutis

277 4136 331 4198 ius
353 4132 517 4216 fignandae
542 4148 686 4200 monetae
710 4137 846 4199 dederat.
916 4136 991 4218 Aug
993 4133 1076 4198 ustus
1102 4132 1231 4198 lllriros
1360 4154 1362 4162 ’

278 4215 591 4293 castrimetatione
613 4218 741 4284 iiiviros
756 4218 891 4284 Senatus
913 4157 1089 4294 constituit,
1123 4214 1233 4280 relisto

276 4301 440 4451 {aptus
430 4320 499 4366 rure
519 4303 599 4368 aeris
618 4301 776 4388 fignandi,
799 4322 875 4367 auro
896 4313 928 4367 et
947 4310 1076 4438 argento
1098 4297 1151 4364 111ιί
1172 4297 1235 4364 ser·

1428 1655 1429 1660 ‡
1481 1569 1483 1666 t
