<?xml version="1.0" encoding="UTF-8"?>
<!DOCTYPE html PUBLIC "-//W3C//DTD XHTML 1.0 Transitional//EN"
    "http://www.w3.org/TR/xhtml1/DTD/xhtml1-transitional.dtd">
<html xmlns="http://www.w3.org/1999/xhtml" xml:lang="en" lang="en">
 <head>
  <title>
</title>
<meta http-equiv="Content-Type" content="text/html;charset=utf-8" />
  <meta name='ocr-system' content='tesseract 3.04.00' />
  <meta name='ocr-capabilities' content='ocr_page ocr_carea ocr_par ocr_line ocrx_word'/>
</head>
<body>
  <div class='ocr_page' id='page_1' title='image "./opvscvlaacademi04heyngoog_0354.png"; bbox 0 0 3292 5134; ppageno 0'>
   <div class='ocr_carea' id='block_1_1' title="bbox 762 510 1037 558">
    <p class='ocr_par' dir='ltr' id='par_1_1' title="bbox 762 510 1037 558">
     <span class='ocr_line' id='line_1_1' title="bbox 910 510 913 522; baseline 0 0"><span class='ocrx_word' id='word_1_1' title='bbox 910 510 913 522; x_wconf 68' lang='lat' dir='ltr'>d</span> 
     </span>
     <span class='ocr_line' id='line_1_2' title="bbox 762 545 1037 558; baseline 0.004 -5"><span class='ocrx_word' id='word_1_2' title='bbox 762 545 766 551; x_wconf 83' lang='lat'>·</span> <span class='ocrx_word' id='word_1_3' title='bbox 775 545 783 553; x_wconf 80' lang='grc' dir='ltr'>ι</span> <span class='ocrx_word' id='word_1_4' title='bbox 974 549 978 554; x_wconf 92' lang='grc'><em>.</em></span> <span class='ocrx_word' id='word_1_5' title='bbox 1034 556 1037 558; x_wconf 60' lang='grc'><strong>,</strong></span> 
     </span>
    </p>
   </div>
   <div class='ocr_carea' id='block_1_2' title="bbox 371 574 1044 675">
    <p class='ocr_par' dir='ltr' id='par_1_2' title="bbox 371 574 1044 675">
     <span class='ocr_line' id='line_1_3' title="bbox 371 574 1044 675; baseline -0.004 0"><span class='ocrx_word' id='word_1_6' title='bbox 371 574 465 675; x_wconf 76' lang='lat'>‘35&#39;0</span> <span class='ocrx_word' id='word_1_7' title='bbox 781 603 1044 616; x_wconf 63' lang='grc'>-···“··········’</span> 
     </span>
    </p>
   </div>
   <div class='ocr_carea' id='block_1_3' title="bbox 300 735 1448 1075">
    <p class='ocr_par' dir='ltr' id='par_1_3' title="bbox 300 714 1448 1075">
     <span class='ocr_line' id='line_1_4' title="bbox 369 735 1448 850; baseline -0.007 -27"><span class='ocrx_word' id='word_1_8' title='bbox 369 745 527 850; x_wconf 77' lang='lat' dir='ltr'>inuitari</span> <span class='ocrx_word' id='word_1_9' title='bbox 543 742 604 821; x_wconf 68' lang='lat' dir='ltr'>‘ad</span> <span class='ocrx_word' id='word_1_10' title='bbox 629 743 721 842; x_wconf 86' lang='lat' dir='ltr'>ipsas</span> <span class='ocrx_word' id='word_1_11' title='bbox 742 737 869 843; x_wconf 85' lang='lat' dir='ltr'>epulas</span> <span class='ocrx_word' id='word_1_12' title='bbox 901 735 1062 823; x_wconf 82' lang='lat' dir='ltr'>accedite</span> <span class='ocrx_word' id='word_1_13' title='bbox 1087 739 1320 840; x_wconf 84' lang='lat' dir='ltr'>frequentes,</span> <span class='ocrx_word' id='word_1_14' title='bbox 1364 759 1448 840; x_wconf 85' lang='lat' dir='ltr'>qua-</span> 
     </span>
     <span class='ocr_line' id='line_1_5' title="bbox 300 853 939 965; baseline -0.016 -25"><span class='ocrx_word' id='word_1_15' title='bbox 300 939 305 965; x_wconf 39' lang='lat' dir='ltr'>s</span> <span class='ocrx_word' id='word_1_16' title='bbox 382 853 464 938; x_wconf 87' lang='lat' dir='ltr'>rurn</span> <span class='ocrx_word' id='word_1_17' title='bbox 484 853 597 937; x_wconf 84' lang='lat' dir='ltr'>caussa</span> <span class='ocrx_word' id='word_1_18' title='bbox 614 860 676 934; x_wconf 82' lang='lat' dir='ltr'>ilia</span> <span class='ocrx_word' id='word_1_19' title='bbox 702 855 863 956; x_wconf 87' lang='lat' dir='ltr'>apposita</span> <span class='ocrx_word' id='word_1_20' title='bbox 881 855 939 932; x_wconf 82' lang='lat' dir='ltr'>est,</span> 
     </span>
     <span class='ocr_line' id='line_1_6' title="bbox 437 966 1087 1075; baseline -0.014 -23"><span class='ocrx_word' id='word_1_21' title='bbox 437 966 523 1052; x_wconf 77' lang='lat' dir='ltr'>AP.</span> <span class='ocrx_word' id='word_1_22' title='bbox 555 970 690 1075; x_wconf 86' lang='lat' dir='ltr'>11.Jur.</span> <span class='ocrx_word' id='word_1_23' title='bbox 718 968 1010 1048; x_wconf 80' lang='lat' dir='ltr'>croloccrxxv.</span> <span class='ocrx_word' id='word_1_24' title='bbox 1084 999 1087 1007; x_wconf 63' lang='grc'><em>’</em></span> 
     </span>
    </p>
   </div>
   <div class='ocr_carea' id='block_1_4' title="bbox 362 1385 1446 1526">
    <p class='ocr_par' dir='ltr' id='par_1_4' title="bbox 362 1385 1446 1526">
     <span class='ocr_line' id='line_1_7' title="bbox 362 1385 1446 1526; baseline -0.006 -27"><span class='ocrx_word' id='word_1_25' title='bbox 362 1385 398 1436; x_wconf 27' lang='lat' dir='ltr'>&#39;x</span> <span class='ocrx_word' id='word_1_26' title='bbox 492 1417 623 1498; x_wconf 84' lang='lat' dir='ltr'>Fateor</span> <span class='ocrx_word' id='word_1_27' title='bbox 653 1386 816 1519; x_wconf 83' lang='lat' dir='ltr'>ingenue</span> <span class='ocrx_word' id='word_1_28' title='bbox 841 1425 910 1526; x_wconf 77' lang='lat' dir='ltr'>&#39;me</span> <span class='ocrx_word' id='word_1_29' title='bbox 934 1417 1024 1496; x_wconf 87' lang='lat' dir='ltr'>mihi</span> <span class='ocrx_word' id='word_1_30' title='bbox 1055 1389 1157 1496; x_wconf 80' lang='lat' dir='ltr'>nunc</span> <span class='ocrx_word' id='word_1_31' title='bbox 1187 1415 1381 1519; x_wconf 86' lang='lat' dir='ltr'>displicere</span> <span class='ocrx_word' id='word_1_32' title='bbox 1411 1415 1446 1494; x_wconf 89' lang='lat' dir='ltr'>in</span> 
     </span>
    </p>
   </div>
   <div class='ocr_carea' id='block_1_5' title="bbox 232 1532 1444 1636">
    <p class='ocr_par' dir='ltr' id='par_1_5' title="bbox 232 1532 1444 1636">
     <span class='ocr_line' id='line_1_8' title="bbox 232 1532 1444 1636; baseline -0.004 -23"><span class='ocrx_word' id='word_1_33' title='bbox 232 1564 236 1576; x_wconf 82' lang='lat'><em>·</em></span> <span class='ocrx_word' id='word_1_34' title='bbox 309 1619 313 1622; x_wconf 75' lang='lat'>.</span> <span class='ocrx_word' id='word_1_35' title='bbox 378 1549 455 1613; x_wconf 82' lang='lat' dir='ltr'>tota</span> <span class='ocrx_word' id='word_1_36' title='bbox 476 1536 585 1612; x_wconf 90' lang='lat' dir='ltr'>huius</span> <span class='ocrx_word' id='word_1_37' title='bbox 611 1534 729 1636; x_wconf 81' lang='lat' dir='ltr'>mythi</span> <span class='ocrx_word' id='word_1_38' title='bbox 755 1534 938 1612; x_wconf 83' lang='lat' dir='ltr'>Arcadum</span> <span class='ocrx_word' id='word_1_39' title='bbox 963 1533 1185 1613; x_wconf 75' lang='lat' dir='ltr'>tradatione.</span> <span class='ocrx_word' id='word_1_40' title='bbox 1251 1532 1444 1612; x_wconf 86' lang='lat' dir='ltr'>Debebam</span> 
     </span>
    </p>
   </div>
   <div class='ocr_carea' id='block_1_6' title="bbox 362 1646 1447 1980">
    <p class='ocr_par' dir='ltr' id='par_1_6' title="bbox 362 1646 1447 1980">
     <span class='ocr_line' id='line_1_9' title="bbox 378 1646 1447 1760; baseline -0.006 -30"><span class='ocrx_word' id='word_1_41' title='bbox 378 1655 478 1730; x_wconf 85' lang='lat' dir='ltr'>enirn</span> <span class='ocrx_word' id='word_1_42' title='bbox 500 1649 665 1728; x_wconf 85' lang='lat' dir='ltr'>disertius</span> <span class='ocrx_word' id='word_1_43' title='bbox 683 1664 720 1727; x_wconf 90' lang='lat' dir='ltr'>et</span> <span class='ocrx_word' id='word_1_44' title='bbox 746 1652 948 1725; x_wconf 84' lang='lat' dir='ltr'>accuratius</span> <span class='ocrx_word' id='word_1_45' title='bbox 973 1646 1130 1760; x_wconf 82' lang='lat' dir='ltr'>singulas</span> <span class='ocrx_word' id='word_1_46' title='bbox 1151 1661 1318 1724; x_wconf 84' lang='lat' dir='ltr'>veterum</span> <span class='ocrx_word' id='word_1_47' title='bbox 1345 1663 1382 1724; x_wconf 88' lang='lat' dir='ltr'>et</span> <span class='ocrx_word' id='word_1_48' title='bbox 1397 1671 1447 1724; x_wconf 82' lang='lat' dir='ltr'>re·</span> 
     </span>
     <span class='ocr_line' id='line_1_10' title="bbox 377 1765 1445 1865; baseline -0.002 -25"><span class='ocrx_word' id='word_1_49' title='bbox 377 1769 586 1841; x_wconf 73' lang='lat' dir='ltr'>cantiorum</span> <span class='ocrx_word' id='word_1_50' title='bbox 612 1767 931 1865; x_wconf 83' lang='lat' dir='ltr'>interpretationes</span> <span class='ocrx_word' id='word_1_51' title='bbox 954 1783 1211 1858; x_wconf 80' lang='lat' dir='ltr'>annumerare,</span> <span class='ocrx_word' id='word_1_52' title='bbox 1241 1765 1349 1838; x_wconf 88' lang='lat' dir='ltr'>breui</span> <span class='ocrx_word' id='word_1_53' title='bbox 1374 1765 1445 1841; x_wconf 84' lang='lat' dir='ltr'>cui·</span> 
     </span>
     <span class='ocr_line' id='line_1_11' title="bbox 362 1875 1441 1980; baseline -0.002 -26"><span class='ocrx_word' id='word_1_54' title='bbox 362 1901 451 1978; x_wconf 91' lang='lat' dir='ltr'>que</span> <span class='ocrx_word' id='word_1_55' title='bbox 480 1876 619 1954; x_wconf 90' lang='lat' dir='ltr'>iudicio</span> <span class='ocrx_word' id='word_1_56' title='bbox 642 1878 822 1976; x_wconf 88' lang='lat' dir='ltr'>adscripto</span> <span class='ocrx_word' id='word_1_57' title='bbox 844 1893 906 1954; x_wconf 89' lang='lat' dir='ltr'>aut</span> <span class='ocrx_word' id='word_1_58' title='bbox 923 1877 1101 1972; x_wconf 78' lang='lat' dir='ltr'>subiedt03</span> <span class='ocrx_word' id='word_1_59' title='bbox 1147 1877 1315 1980; x_wconf 82' lang='lat' dir='ltr'>tumsub</span> <span class='ocrx_word' id='word_1_60' title='bbox 1337 1875 1441 1952; x_wconf 84' lang='lat' dir='ltr'>finem</span> 
     </span>
    </p>
   </div>
   <div class='ocr_carea' id='block_1_7' title="bbox 246 1977 1438 2092">
    <p class='ocr_par' dir='ltr' id='par_1_7' title="bbox 246 1977 1438 2092">
     <span class='ocr_line' id='line_1_12' title="bbox 246 1977 1438 2092; baseline 0.004 -31"><span class='ocrx_word' id='word_1_61' title='bbox 246 2052 248 2061; x_wconf 80' lang='grc'>,</span> <span class='ocrx_word' id='word_1_62' title='bbox 293 1977 298 1984; x_wconf 72' lang='grc'><em>’</em></span> <span class='ocrx_word' id='word_1_63' title='bbox 358 1991 553 2068; x_wconf 61' lang='lat' dir='ltr'>&gt;iudicium</span> <span class='ocrx_word' id='word_1_64' title='bbox 579 2016 703 2068; x_wconf 87' lang='lat' dir='ltr'>meum</span> <span class='ocrx_word' id='word_1_65' title='bbox 720 1991 979 2091; x_wconf 90' lang='lat' dir='ltr'>qualecunque</span> <span class='ocrx_word' id='word_1_66' title='bbox 1001 2012 1211 2092; x_wconf 73' lang='lat' dir='ltr'>apponere,</span> <span class='ocrx_word' id='word_1_67' title='bbox 1248 1989 1286 2065; x_wconf 93' lang='lat' dir='ltr'>in</span> <span class='ocrx_word' id='word_1_68' title='bbox 1311 1991 1438 2092; x_wconf 86' lang='lat' dir='ltr'>quoid</span> 
     </span>
    </p>
   </div>
   <div class='ocr_carea' id='block_1_8' title="bbox 363 2101 1439 2298">
    <p class='ocr_par' dir='ltr' id='par_1_8' title="bbox 363 2101 1439 2298">
     <span class='ocr_line' id='line_1_13' title="bbox 374 2101 1435 2212; baseline -0.004 -28"><span class='ocrx_word' id='word_1_69' title='bbox 374 2105 483 2206; x_wconf 89' lang='lat' dir='ltr'>sequi</span> <span class='ocrx_word' id='word_1_70' title='bbox 500 2105 699 2193; x_wconf 89' lang='lat' dir='ltr'>debebam,</span> <span class='ocrx_word' id='word_1_71' title='bbox 737 2101 841 2205; x_wconf 90' lang='lat' dir='ltr'>quod</span> <span class='ocrx_word' id='word_1_72' title='bbox 866 2127 951 2182; x_wconf 89' lang='lat' dir='ltr'>cum</span> <span class='ocrx_word' id='word_1_73' title='bbox 973 2109 1211 2212; x_wconf 83' lang='lat' dir='ltr'>antiquorum</span> <span class='ocrx_word' id='word_1_74' title='bbox 1228 2101 1435 2205; x_wconf 85' lang='lat' dir='ltr'>mythorum</span> 
     </span>
     <span class='ocr_line' id='line_1_14' title="bbox 363 2211 1439 2298; baseline -0.001 -2"><span class='ocrx_word' id='word_1_75' title='bbox 363 2238 505 2296; x_wconf 58' lang='lat' dir='ltr'>‘ustura</span> <span class='ocrx_word' id='word_1_76' title='bbox 526 2234 563 2296; x_wconf 85' lang='lat' dir='ltr'>et</span> <span class='ocrx_word' id='word_1_77' title='bbox 587 2219 715 2297; x_wconf 89' lang='lat' dir='ltr'>indole</span> <span class='ocrx_word' id='word_1_78' title='bbox 740 2233 815 2296; x_wconf 91' lang='lat' dir='ltr'>erat</span> <span class='ocrx_word' id='word_1_79' title='bbox 839 2211 1177 2298; x_wconf 78' lang='lat' dir='ltr'>coniunsiissrmunr.</span> <span class='ocrx_word' id='word_1_80' title='bbox 1238 2217 1356 2297; x_wconf 91' lang='lat' dir='ltr'>Nunc</span> <span class='ocrx_word' id='word_1_81' title='bbox 1383 2242 1439 2295; x_wconf 85' lang='lat' dir='ltr'>au·</span> 
     </span>
    </p>
   </div>
   <div class='ocr_carea' id='block_1_9' title="bbox 244 2333 1440 2441">
    <p class='ocr_par' dir='ltr' id='par_1_9' title="bbox 244 2333 1440 2441">
     <span class='ocr_line' id='line_1_15' title="bbox 244 2333 1440 2441; baseline -0.002 -31"><span class='ocrx_word' id='word_1_82' title='bbox 244 2349 249 2362; x_wconf 91' lang='grc'><em>’</em></span> <span class='ocrx_word' id='word_1_83' title='bbox 373 2347 448 2441; x_wconf 82' lang='lat' dir='ltr'>tens</span> <span class='ocrx_word' id='word_1_84' title='bbox 469 2358 545 2410; x_wconf 91' lang='lat' dir='ltr'>rem</span> <span class='ocrx_word' id='word_1_85' title='bbox 569 2336 620 2410; x_wconf 87' lang='lat' dir='ltr'>ita</span> <span class='ocrx_word' id='word_1_86' title='bbox 642 2334 815 2435; x_wconf 85' lang='lat' dir='ltr'>exposui,-</span> <span class='ocrx_word' id='word_1_87' title='bbox 853 2343 893 2409; x_wconf 90' lang='lat' dir='ltr'>vt</span> <span class='ocrx_word' id='word_1_88' title='bbox 917 2333 1230 2435; x_wconf 83' lang='lat' dir='ltr'>circumspicerem</span> <span class='ocrx_word' id='word_1_89' title='bbox 1254 2336 1373 2416; x_wconf 81' lang='lat' dir='ltr'>statim</span> <span class='ocrx_word' id='word_1_90' title='bbox 1398 2337 1440 2409; x_wconf 85' lang='lat' dir='ltr'>ab</span> 
     </span>
    </p>
   </div>
   <div class='ocr_carea' id='block_1_10' title="bbox 248 2446 1484 3348">
    <p class='ocr_par' dir='ltr' id='par_1_10' title="bbox 248 2446 1484 3348">
     <span class='ocr_line' id='line_1_16' title="bbox 373 2446 1484 2554; baseline 0 -31"><span class='ocrx_word' id='word_1_91' title='bbox 373 2451 482 2524; x_wconf 88' lang='lat' dir='ltr'>initio</span> <span class='ocrx_word' id='word_1_92' title='bbox 506 2453 701 2548; x_wconf 84' lang='lat' dir='ltr'>quotquot</span> <span class='ocrx_word' id='word_1_93' title='bbox 718 2446 831 2524; x_wconf 86' lang='lat' dir='ltr'>essent</span> <span class='ocrx_word' id='word_1_94' title='bbox 857 2449 1016 2524; x_wconf 88' lang='lat' dir='ltr'>rationes</span> <span class='ocrx_word' id='word_1_95' title='bbox 1040 2450 1304 2548; x_wconf 86' lang='lat' dir='ltr'>interpretandi</span> <span class='ocrx_word' id='word_1_96' title='bbox 1324 2449 1440 2550; x_wconf 84' lang='lat' dir='ltr'>mythi</span> <span class='ocrx_word' id='word_1_97' title='bbox 1483 2547 1484 2554; x_wconf 11' lang='grc' dir='ltr'><strong><em>Ν</em></strong></span> 
     </span>
     <span class='ocr_line' id='line_1_17' title="bbox 372 2559 1441 2663; baseline 0.001 -26"><span class='ocrx_word' id='word_1_98' title='bbox 372 2563 601 2662; x_wconf 84' lang='lat' dir='ltr'>probabiles,</span> <span class='ocrx_word' id='word_1_99' title='bbox 630 2562 920 2662; x_wconf 85' lang='lat' dir='ltr'>subiiceremque</span> <span class='ocrx_word' id='word_1_100' title='bbox 944 2565 1143 2663; x_wconf 84' lang='lat' dir='ltr'>unicuique</span> <span class='ocrx_word' id='word_1_101' title='bbox 1170 2559 1355 2663; x_wconf 82' lang='lat' dir='ltr'>expositae</span> <span class='ocrx_word' id='word_1_102' title='bbox 1381 2585 1441 2638; x_wconf 82' lang='lat' dir='ltr'>uu·</span> 
     </span>
     <span class='ocr_line' id='line_1_18' title="bbox 248 2675 1438 2783; baseline 0.001 -33"><span class='ocrx_word' id='word_1_103' title='bbox 248 2759 251 2769; x_wconf 17' lang='grc' dir='ltr'><strong><em>Δ</em></strong></span> <span class='ocrx_word' id='word_1_104' title='bbox 373 2677 575 2752; x_wconf 77' lang='lat' dir='ltr'>duritatem</span> <span class='ocrx_word' id='word_1_105' title='bbox 597 2677 813 2783; x_wconf 82' lang='lat' dir='ltr'>antiquam,</span> <span class='ocrx_word' id='word_1_106' title='bbox 858 2675 987 2776; x_wconf 84' lang='lat' dir='ltr'>srqua</span> <span class='ocrx_word' id='word_1_107' title='bbox 1027 2680 1267 2754; x_wconf 86' lang='lat' dir='ltr'>occurrebat·</span> <span class='ocrx_word' id='word_1_108' title='bbox 1328 2675 1438 2778; x_wconf 82' lang='lat' dir='ltr'>Atqui</span> 
     </span>
     <span class='ocr_line' id='line_1_19' title="bbox 358 2780 1438 2892; baseline -0.003 -25"><span class='ocrx_word' id='word_1_109' title='bbox 358 2791 571 2890; x_wconf 81' lang='lat' dir='ltr'>simplicior</span> <span class='ocrx_word' id='word_1_110' title='bbox 599 2780 693 2866; x_wconf 79' lang='lat' dir='ltr'>ratio</span> <span class='ocrx_word' id='word_1_111' title='bbox 727 2792 850 2866; x_wconf 86' lang='lat' dir='ltr'>aevia</span> <span class='ocrx_word' id='word_1_112' title='bbox 878 2804 972 2882; x_wconf 87' lang='lat' dir='ltr'>erat,</span> <span class='ocrx_word' id='word_1_113' title='bbox 1016 2804 1055 2867; x_wconf 88' lang='lat' dir='ltr'>vt</span> <span class='ocrx_word' id='word_1_114' title='bbox 1078 2809 1177 2880; x_wconf 88' lang='lat' dir='ltr'>non,</span> <span class='ocrx_word' id='word_1_115' title='bbox 1214 2791 1304 2892; x_wconf 90' lang='lat' dir='ltr'>quid</span> <span class='ocrx_word' id='word_1_116' title='bbox 1334 2791 1438 2890; x_wconf 82' lang='lat' dir='ltr'>possit</span> 
     </span>
     <span class='ocr_line' id='line_1_20' title="bbox 371 2904 1435 3008; baseline 0.001 -30"><span class='ocrx_word' id='word_1_117' title='bbox 371 2904 469 2993; x_wconf 84' lang='lat' dir='ltr'>sieri,</span> <span class='ocrx_word' id='word_1_118' title='bbox 505 2904 581 2981; x_wconf 82' lang='lat' dir='ltr'>sed·</span> <span class='ocrx_word' id='word_1_119' title='bbox 600 2905 691 3004; x_wconf 88' lang='lat' dir='ltr'>quid</span> <span class='ocrx_word' id='word_1_120' title='bbox 724 2904 860 2982; x_wconf 72' lang='lat' dir='ltr'>sadum</span> <span class='ocrx_word' id='word_1_121' title='bbox 892 2905 953 2991; x_wconf 77' lang='lat' dir='ltr'>At,</span> <span class='ocrx_word' id='word_1_122' title='bbox 1002 2904 1175 3008; x_wconf 83' lang='lat' dir='ltr'>deinceps</span> <span class='ocrx_word' id='word_1_123' title='bbox 1211 2925 1435 2982; x_wconf 83' lang='lat' dir='ltr'>enarrarem:</span> 
     </span>
     <span class='ocr_line' id='line_1_21' title="bbox 290 3013 1437 3127; baseline 0.002 -35"><span class='ocrx_word' id='word_1_124' title='bbox 290 3117 295 3127; x_wconf 43' lang='lat'>,</span> <span class='ocrx_word' id='word_1_125' title='bbox 344 3016 474 3125; x_wconf 53' lang='lat' dir='ltr'>9fuiise</span> <span class='ocrx_word' id='word_1_126' title='bbox 497 3020 590 3096; x_wconf 85' lang='lat' dir='ltr'>adeo</span> <span class='ocrx_word' id='word_1_127' title='bbox 609 3022 675 3122; x_wconf 91' lang='lat' dir='ltr'>qui</span> <span class='ocrx_word' id='word_1_128' title='bbox 697 3020 870 3116; x_wconf 78' lang='lat' dir='ltr'>mytlrum</span> <span class='ocrx_word' id='word_1_129' title='bbox 893 3013 938 3096; x_wconf 84' lang='lat' dir='ltr'>ad</span> <span class='ocrx_word' id='word_1_130' title='bbox 955 3022 1210 3120; x_wconf 84' lang='lat' dir='ltr'>antiquitatem</span> <span class='ocrx_word' id='word_1_131' title='bbox 1234 3017 1437 3120; x_wconf 85' lang='lat' dir='ltr'>religionis,</span> 
     </span>
     <span class='ocr_line' id='line_1_22' title="bbox 371 3128 1432 3233; baseline 0.001 -25"><span class='ocrx_word' id='word_1_132' title='bbox 371 3129 577 3231; x_wconf 82' lang='lat' dir='ltr'>quaLuua</span> <span class='ocrx_word' id='word_1_133' title='bbox 604 3128 702 3233; x_wconf 85' lang='lat' dir='ltr'>apud</span> <span class='ocrx_word' id='word_1_134' title='bbox 731 3131 886 3212; x_wconf 79' lang='lat' dir='ltr'>Arcades</span> <span class='ocrx_word' id='word_1_135' title='bbox 909 3133 1092 3212; x_wconf 80' lang='lat' dir='ltr'>celebrata</span> <span class='ocrx_word' id='word_1_136' title='bbox 1124 3135 1193 3224; x_wconf 87' lang='lat' dir='ltr'>est,</span> <span class='ocrx_word' id='word_1_137' title='bbox 1236 3135 1432 3224; x_wconf 87' lang='lat' dir='ltr'>referrent;</span> 
     </span>
     <span class='ocr_line' id='line_1_23' title="bbox 368 3245 1428 3348; baseline 0.004 -28"><span class='ocrx_word' id='word_1_138' title='bbox 368 3245 460 3324; x_wconf 84' lang='lat' dir='ltr'>aiios</span> <span class='ocrx_word' id='word_1_139' title='bbox 476 3251 543 3346; x_wconf 89' lang='lat' dir='ltr'>qui</span> <span class='ocrx_word' id='word_1_140' title='bbox 565 3248 611 3323; x_wconf 91' lang='lat' dir='ltr'>ad</span> <span class='ocrx_word' id='word_1_141' title='bbox 629 3246 923 3326; x_wconf 88' lang='lat' dir='ltr'>obseruationem</span> <span class='ocrx_word' id='word_1_142' title='bbox 946 3245 1095 3339; x_wconf 89' lang='lat' dir='ltr'>Lunae,</span> <span class='ocrx_word' id='word_1_143' title='bbox 1126 3252 1278 3348; x_wconf 88' lang='lat' dir='ltr'>eiusque</span> <span class='ocrx_word' id='word_1_144' title='bbox 1299 3249 1428 3334; x_wconf 85' lang='lat' dir='ltr'>cursus,</span> 
     </span>
    </p>
   </div>
   <div class='ocr_carea' id='block_1_11' title="bbox 243 3362 1434 3464">
    <p class='ocr_par' dir='ltr' id='par_1_11' title="bbox 243 3362 1434 3464">
     <span class='ocr_line' id='line_1_24' title="bbox 243 3362 1434 3464; baseline 0.003 -31"><span class='ocrx_word' id='word_1_145' title='bbox 243 3417 248 3425; x_wconf 63' lang='grc'>,</span> <span class='ocrx_word' id='word_1_146' title='bbox 368 3362 570 3437; x_wconf 80' lang='lat' dir='ltr'>strationis</span> <span class='ocrx_word' id='word_1_147' title='bbox 587 3372 795 3460; x_wconf 82' lang='lat' dir='ltr'>tempotum</span> <span class='ocrx_word' id='word_1_148' title='bbox 814 3362 901 3438; x_wconf 91' lang='lat' dir='ltr'>inde</span> <span class='ocrx_word' id='word_1_149' title='bbox 916 3363 1201 3451; x_wconf 80' lang='lat' dir='ltr'>constituendae,</span> <span class='ocrx_word' id='word_1_150' title='bbox 1232 3367 1434 3464; x_wconf 86' lang='lat' dir='ltr'>antiquitus</span> 
     </span>
    </p>
   </div>
   <div class='ocr_carea' id='block_1_12' title="bbox 283 3471 1479 3784">
    <p class='ocr_par' dir='ltr' id='par_1_12' title="bbox 283 3471 1479 3784">
     <span class='ocr_line' id='line_1_25' title="bbox 366 3471 1437 3578; baseline 0.005 -31"><span class='ocrx_word' id='word_1_151' title='bbox 366 3475 463 3550; x_wconf 90' lang='lat' dir='ltr'>inter</span> <span class='ocrx_word' id='word_1_152' title='bbox 480 3471 793 3578; x_wconf 79' lang='lat' dir='ltr'>Arcadessasiam</span> <span class='ocrx_word' id='word_1_153' title='bbox 816 3475 908 3552; x_wconf 88' lang='lat' dir='ltr'>haec</span> <span class='ocrx_word' id='word_1_154' title='bbox 926 3475 1122 3568; x_wconf 79' lang='lat' dir='ltr'>referrent,</span> <span class='ocrx_word' id='word_1_155' title='bbox 1155 3475 1325 3578; x_wconf 83' lang='lat' dir='ltr'>adeoque</span> <span class='ocrx_word' id='word_1_156' title='bbox 1345 3491 1437 3554; x_wconf 89' lang='lat' dir='ltr'>tem-</span> 
     </span>
     <span class='ocr_line' id='line_1_26' title="bbox 292 3583 1479 3707; baseline 0.003 -43"><span class='ocrx_word' id='word_1_157' title='bbox 292 3636 295 3642; x_wconf 89' lang='lat'>·</span> <span class='ocrx_word' id='word_1_158' title='bbox 366 3609 457 3687; x_wconf 87' lang='lat' dir='ltr'>pora</span> <span class='ocrx_word' id='word_1_159' title='bbox 480 3591 690 3707; x_wconf 81' lang='lat' dir='ltr'>antiquiora</span> <span class='ocrx_word' id='word_1_160' title='bbox 717 3591 767 3666; x_wconf 87' lang='lat' dir='ltr'>ita</span> <span class='ocrx_word' id='word_1_161' title='bbox 799 3587 1064 3683; x_wconf 82' lang='lat' dir='ltr'>describerent,</span> <span class='ocrx_word' id='word_1_162' title='bbox 1106 3587 1148 3668; x_wconf 84' lang='lat' dir='ltr'>ut</span> <span class='ocrx_word' id='word_1_163' title='bbox 1177 3604 1261 3668; x_wconf 86' lang='lat' dir='ltr'>aute</span> <span class='ocrx_word' id='word_1_164' title='bbox 1288 3583 1438 3670; x_wconf 83' lang='lat' dir='ltr'>Lunam</span> <span class='ocrx_word' id='word_1_165' title='bbox 1478 3615 1479 3701; x_wconf 48' lang='lat' dir='ltr'>q</span> 
     </span>
     <span class='ocr_line' id='line_1_27' title="bbox 283 3700 835 3784; baseline 0.011 -6"><span class='ocrx_word' id='word_1_166' title='bbox 283 3733 286 3745; x_wconf 71' lang='lat'>,</span> <span class='ocrx_word' id='word_1_167' title='bbox 367 3723 409 3779; x_wconf 85' lang='lat' dir='ltr'>ea</span> <span class='ocrx_word' id='word_1_168' title='bbox 437 3700 630 3781; x_wconf 81' lang='lat' dir='ltr'>decurrisse</span> <span class='ocrx_word' id='word_1_169' title='bbox 658 3704 835 3784; x_wconf 89' lang='lat' dir='ltr'>dicerent.</span> 
     </span>
    </p>
   </div>
   <div class='ocr_carea' id='block_1_13' title="bbox 231 3911 1476 4374">
    <p class='ocr_par' dir='ltr' id='par_1_13' title="bbox 231 3839 1478 4389">
     <span class='ocr_line' id='line_1_28' title="bbox 231 3911 1435 4027; baseline 0.005 -27"><span class='ocrx_word' id='word_1_170' title='bbox 231 3948 234 3957; x_wconf 66' lang='lat'><strong><em>¹</em></strong></span> <span class='ocrx_word' id='word_1_171' title='bbox 306 3983 310 3998; x_wconf 85' lang='lat'>.</span> <span class='ocrx_word' id='word_1_172' title='bbox 364 4025 366 4027; x_wconf 61' lang='lat'><em>,</em></span> <span class='ocrx_word' id='word_1_173' title='bbox 434 3998 437 4002; x_wconf 83' lang='grc'><strong>,</strong></span> <span class='ocrx_word' id='word_1_174' title='bbox 479 3915 572 4001; x_wconf 90' lang='lat' dir='ltr'>Non</span> <span class='ocrx_word' id='word_1_175' title='bbox 601 3924 696 4002; x_wconf 90' lang='lat' dir='ltr'>bene</span> <span class='ocrx_word' id='word_1_176' title='bbox 725 3921 902 4026; x_wconf 89' lang='lat' dir='ltr'>procliuis</span> <span class='ocrx_word' id='word_1_177' title='bbox 941 3921 996 4003; x_wconf 89' lang='lat' dir='ltr'>fui</span> <span class='ocrx_word' id='word_1_178' title='bbox 1021 3923 1060 4000; x_wconf 90' lang='lat' dir='ltr'>in</span> <span class='ocrx_word' id='word_1_179' title='bbox 1090 3943 1171 4004; x_wconf 88' lang='lat' dir='ltr'>eam</span> <span class='ocrx_word' id='word_1_180' title='bbox 1200 3911 1435 4026; x_wconf 83' lang='lat' dir='ltr'>opinionem,</span> 
     </span>
     <span class='ocr_line' id='line_1_29' title="bbox 364 4019 1436 4140; baseline 0.006 -30"><span class='ocrx_word' id='word_1_181' title='bbox 364 4019 407 4112; x_wconf 56' lang='lat' dir='ltr'>st</span> <span class='ocrx_word' id='word_1_182' title='bbox 430 4033 587 4115; x_wconf 88' lang='lat' dir='ltr'>Arcades</span> <span class='ocrx_word' id='word_1_183' title='bbox 612 4038 843 4139; x_wconf 64' lang='lat' dir='ltr'>oportuisset</span> <span class='ocrx_word' id='word_1_184' title='bbox 863 4040 935 4118; x_wconf 88' lang='lat' dir='ltr'>dici</span> <span class='ocrx_word' id='word_1_185' title='bbox 952 4033 1105 4140; x_wconf 82' lang='lat' dir='ltr'>potuisse</span> <span class='ocrx_word' id='word_1_186' title='bbox 1123 4053 1291 4140; x_wconf 88' lang='lat' dir='ltr'>putarem</span> <span class='ocrx_word' id='word_1_187' title='bbox 1309 4059 1357 4117; x_wconf 82' lang='lat' dir='ltr'>ex</span> <span class='ocrx_word' id='word_1_188' title='bbox 1375 4065 1436 4127; x_wconf 85' lang='lat' dir='ltr'>eo,</span> 
     </span>
     <span class='ocr_line' id='line_1_30' title="bbox 366 4147 1476 4263; baseline 0.005 -35"><span class='ocrx_word' id='word_1_189' title='bbox 366 4153 470 4251; x_wconf 93' lang='lat' dir='ltr'>quod</span> <span class='ocrx_word' id='word_1_190' title='bbox 491 4154 538 4229; x_wconf 90' lang='lat' dir='ltr'>ab</span> <span class='ocrx_word' id='word_1_191' title='bbox 556 4157 602 4230; x_wconf 86' lang='lat' dir='ltr'>iis</span> <span class='ocrx_word' id='word_1_192' title='bbox 617 4154 818 4263; x_wconf 86' lang='lat' dir='ltr'>aliquando</span> <span class='ocrx_word' id='word_1_193' title='bbox 839 4147 965 4238; x_wconf 83' lang='lat' dir='ltr'>Lunae</span> <span class='ocrx_word' id='word_1_194' title='bbox 985 4153 1107 4232; x_wconf 90' lang='lat' dir='ltr'>cursus</span> <span class='ocrx_word' id='word_1_195' title='bbox 1124 4167 1200 4236; x_wconf 87' lang='lat' dir='ltr'>erat</span> <span class='ocrx_word' id='word_1_196' title='bbox 1216 4153 1433 4232; x_wconf 89' lang='lat' dir='ltr'>obseruatus</span> <span class='ocrx_word' id='word_1_197' title='bbox 1475 4207 1476 4234; x_wconf 59' lang='lat' dir='ltr'>r</span> 
     </span>
     <span class='ocr_line' id='line_1_31' title="bbox 315 4253 1432 4374; baseline 0.005 -35"><span class='ocrx_word' id='word_1_198' title='bbox 315 4367 319 4374; x_wconf 20' lang='grc' dir='ltr'><strong><em>Ι</em></strong></span> <span class='ocrx_word' id='word_1_199' title='bbox 366 4276 404 4340; x_wconf 86' lang='lat' dir='ltr'>et</span> <span class='ocrx_word' id='word_1_200' title='bbox 440 4266 503 4343; x_wconf 78' lang='lat' dir='ltr'>ad¹</span> <span class='ocrx_word' id='word_1_201' title='bbox 521 4281 656 4348; x_wconf 85' lang='lat' dir='ltr'>certain</span> <span class='ocrx_word' id='word_1_202' title='bbox 691 4253 882 4348; x_wconf 79' lang='lat' dir='ltr'>rationem</span> <span class='ocrx_word' id='word_1_203' title='bbox 913 4267 1123 4372; x_wconf 87' lang='lat' dir='ltr'>descriptus.</span> <span class='ocrx_word' id='word_1_204' title='bbox 1196 4266 1432 4348; x_wconf 85' lang='lat' dir='ltr'>Probabilius</span> 
     </span>
    </p>
   </div>
   <div class='ocr_carea' id='block_1_14' title="bbox 1329 4389 1433 4460">
    <p class='ocr_par' dir='ltr' id='par_1_14' title="bbox 1329 4389 1433 4460">
     <span class='ocr_line' id='line_1_32' title="bbox 1329 4389 1433 4460; baseline -0.019 0"><span class='ocrx_word' id='word_1_205' title='bbox 1329 4389 1433 4460; x_wconf 85' lang='lat' dir='ltr'>eninr</span> 
     </span>
    </p>
   </div>
   <div class='ocr_carea' id='block_1_15' title="bbox 0 0 1650 5134">
    <p class='ocr_par' dir='ltr' id='par_1_15' title="bbox 0 0 1650 5134">
     <span class='ocr_line' id='line_1_33' title="bbox 0 0 1650 5134; baseline 0 8"><span class='ocrx_word' id='word_1_206' title='bbox 0 0 1650 5134; x_wconf 95' lang='lat' dir='ltr'> </span> 
     </span>
    </p>
   </div>
  </div>
 </body>
</html>
