3292 5134
581 464 865 579 m
1176 508 1254 578 215

199 644 282 741 ¹atad
309 645 533 747 religionem
561 628 751 747 publicam
786 651 1054 775 priuatamque⁴
1071 641 1258 747 pertinere

198 768 297 855 ¹temo
324 784 404 837 non
434 774 559 861 putet,
599 774 640 841 vt
659 779 746 843 vota
766 763 839 852 deo
864 759 912 840 Ο,
925 762 979 839 Μ.
1002 763 1257 861 persoluamus

197 878 462 975 lberemurque
489 876 582 955 adeo
609 877 810 976 religione,
855 900 930 977 qua
943 899 1044 975 -ergn
1067 889 1257 957 tantorum

196 1012 374 1067 annorum
407 991 593 1069 autlorem
616 991 775 1069 obstridi
795 992 918 1078 sumus
946 1014 1076 1068 omnes
1102 992 1256 1090 publice

195 1128 229 1179 ae
251 1094 429 1201 priuatim
448 1104 593 1204 finguli
659 1104 844 1205 Interpres
865 1121 991 1183 autem
1018 1109 1086 1182 erit
1108 1109 1258 1205 pietatis
1393 1159 1399 1167 ·

194 1220 328 1298 nostrae
350 1214 420 1295 Vir
445 1215 801 1319 Experientilfirnus,
844 1218 940 1299 Eun.
960 1220 1137 1297 Gouorn.
1155 1217 1255 1297 Bre-

193 1356 355 1421 urnceu,
398 1332 638 1413 Medicorum
663 1332 817 1437 Ordinis
842 1336 921 1413 h.t
946 1332 1141 1423 Decanus,
1186 1336 1253 1434 qui

192 1446 413 1527 ossennmus
444 1448 501 1525 his
540 1449 790 1528 anniuersariis
829 1450 1062 1549 splendorem
1086 1448 1255 1543 ,inducet

191 1584 330 1645 nouum
343 1584 387 1639 ac
408 1561 656 1663 praeclarum,
688 1565 779 1645 dum
793 1587 844 1647 ert
864 1564 918 1639 sui
936 1564 1077 1641 ordinis
1101 1564 1253 1641 decreto

190 1671 397 1754 Candidatis
419 1690 578 1779 quatuor
594 1676 818 1777 dignissimis,
845 1681 906 1758 ‘In
922 1677 1249 1769 CirnAckermannn,

191 1785 353 1881 Varil'cO,
393 1790 802 1883 nidummalum,
833 1791 1033 1884 Gothano,
1080 1794 1144 1875 Fr.
1170 1793 1264 1881 Car..

194 1903 854 2015 Wagner,‘MoenoFrancolurtenfi,
886 1922 925 1985 et
941 1910 1250 2006 InHennlueger,

188 2016 438 2119 Gottingenli,
464 2020 680 2121 dignitatern
695 2024 860 2101 medicae
882 2026 967 2101 artis
988 2023 1165 2099 summam
1181 2026 1263 2099 im·-

186 2136 322 2232 pertiet
412 2133 538 2216 Faciet
564 2134 640 2213 hoe
671 2141 845 2213 'oratione
877 2135 1027 2232 publice
1052 2136 1175 2211 habita
1203 2135 1251 2229 de
1340 2184 1348 2199 ι
1442 2219 1452 2241 ,

187 2249 393 2345 quaestione
418 2253 573 2349 cognitu
599 2272 680 2328 non
706 2250 927 2336 iniucunda:
969 2273 1033 2347 qno
1047 2250 1145 2351 sensu
1160 2254 1263 2354 affin.

189 2368 267 2439 muri
279 2366 403 2469 pofflt,
431 2365 618 2441 medicinam
632 2365 709 2452 hoc,
740 2392 803 2464 quo
818 2366 982 2449 uiuimus,
1006 2361 1138 2470 saeculo
1151 2393 1253 2443 eman·

188 2476 293 2554 datam
335 2483 487 2577 notrisque
509 2484 707 2557 incrementis
735 2483 903 2583 infigniter
924 2474 980 2586 affe
1009 2477 1249 2578 locupletatam.

192 2588 325 2669 Gratias
347 2617 418 2693 pro
437 2594 620 2673 beneuola
644 2595 844 2673 auditione
857 2610 942 2693 aget
956 2598 1124 2674 oratione
1140 2596 1253 2672 latina

190 2704 280 2783 idem
290 2710 349 2789 Io.
359 2710 422 2788 Fr.
432 2708 663 2797 Biumenbacir,
675 2710 720 2786 de
740 2711 1071 2812 cuiusingenioac
1089 2708 1254 2787 dodrina

189 2825 343 2899 maxima
359 2844 530 2923 quaeque
547 2823 803 2923 exspectamus.
852 2821 922 2901 His
941 2825 1067 2923 itaque
1086 2836 1126 2896 vt
1144 2824 1255 2899 verba

192 2932 402 3014 iacientibus
426 2937 544 3016 iacere
558 2938 788 3015 audientiam
809 2957 852 3013 ac
869 2936 991 3012 fauere
1010 2935 1152 3023 velitis,
1183 2958 1253 3035 pro

192 3044 313 3129 officio
332 3052 470 3151 vestro,
505 3049 616 3131 Ciues
634 3066 673 3129 e't
692 3049 1000 3137 Commilitenes,
1038 3070 1182 3148 proque
1206 3072 1253 3126 eo

188 3185 320 3257 amore,
339 3150 429 3266 .q‘uo
444 3180 599 3265 matrem
614 3166 711 3245 hanc
727 3164 890 3252 vestram,
921 3163 1156 3249 academiam,
1174 3176 1259 3241 tan·

189 3298 296 3377 quam
314 3280 499 3357 doctrinae
525 3284 604 3362 eius
636 3278 905 3378 acdiiciplinae
928 3278 1087 3368 alumni,
1116 3277 1257 3379 ample·

191 3392 344 3484 dimini,
382 3394 581 3494 diligenter
604 3410 642 3473 et
667 3417 892 3495 magnopere
918 3399 1103 3493 rogamus.
1176 3390 1259 3472 Vos

192 3506 367 3606 inprimis,
392 3504 557 3587 Comites
574 3507 813 3598 Illustrillirni,
844 3506 1111 3634 florentinum
1124 3509 1258 3587 iuuen-

190 3625 270 3699 tutis
289 3626 476 3723 principes
496 3638 534 3704 et
555 3637 790 3713 ornamenta,
817 3620 933 3721 liqua
948 3620 1036 3699 huic
1052 3622 1258 3699 academiae

191 3754 350 3837 unquam
375 3741 631 3837 contigerunt,
674 3734 887 3823 certissima,
925 3749 967 3812 vt
977 3749 1162 3835 pompam
1188 3732 1260 3811 sol·

191 3844 337 3929 lennem
361 3852 517 3940 ducere,
560 3874 706 3951 nosque
737 3848 835 3949 ipsos
862 3871 910 3925 ne
932 3849 1121 3949 religiosae
1147 3848 1260 3925 caeri-

190 3968 338 4043 moniae
361 3965 578 4066 publicique
602 3970 694 4069 ritus
723 3964 934 4065 poeniteat,
964 3960 1107 4039 efficere
1125 3960 1257 4049 velitis,

190 4079 231 4153 ad
251 4080 473 4178 religionem
495 4082 646 4158 vestram
666 4081 980 4181 humanitatisque
996 4069 1161 4155 officium
1178 4098 1261 4174 per-

189 4193 308 4271 tinere
336 4195 603 4287 arbitraminor.

640 4307 678 4388 O
707 4335 735 4406 4
769 4276 772 4281 ¹
1041 4285 1043 4290 ⁵
1117 4300 1263 4381 Interea
