3292 5134
371 579 446 666 383
735 532 1042 674 nmesanam--

367 717 412 841 ei:
427 729 629 808 faciendam
654 728 871 806 arbitramur
894 719 1099 821 deflemun⁴3
1153 727 1248 804 nam
1262 727 1436 807 videntur

368 845 493 948 potius
527 847 688 922 hominis
725 845 807 920 vani
832 856 872 918 et
895 846 1098 940 arrogantis
1132 858 1273 943 patrem
1314 847 1433 933 amici,

368 959 567 1038 assentandi
582 959 712 1050 studio,
736 959 912 1056 tanquam
926 957 1082 1033 alterum
1091 952 1310 1056 Neptunum
1330 972 1437 1034 extu-

216 1094 219 1104 ’
369 1073 456 1153 sisse.
516 1071 595 1151 Nisi
616 1075 710 1150 sorte
733 1070 890 1170 Neptuni
917 1094 938 1145 a
959 1070 1192 1171 Neptunius,
1224 1092 1266 1148 ea
1282 1093 1359 1147 vox
1385 1073 1436 1147 le-

370 1187 509 1290 genda)
543 1221 582 1264 :·.
614 1185 791 1267 Triremir
811 1188 1011 1284 praetoria,
1053 1183 1220 1285 apposito
1241 1186 1342 1263 astro.
1385 1185 1438 1279 Q

369 1298 608 1382 NASIDle.
657 1299 747 1378 Fuit
761 1304 792 1379 is
809 1300 913 1376 Sexti
926 1294 1094 1400 Pompeii
1112 1297 1207 1376 claffi
1222 1299 1435 1400 praescitus,

485 1465 689 1572 NONIA„
731 1470 759 1545 1.
796 1468 917 1566 Caput
944 1464 1043 1545 Ditis
1071 1468 1185 1567 patris
1218 1490 1303 1546 curn
1340 1489 1436 1543 vnco

375 1583 509 1676 (hasta,
540 1587 578 1658 in
598 1584 749 1682 harpasa,
780 1606 893 1694 quam
907 1577 1054 1658 Perseus
1070 1581 1207 1680 gestare
1223 1582 1334 1672 solet,
1363 1582 1440 1681 spe-

371 1703 466 1778 ciem
494 1697 643 1800 deflexa.
704 1695 937 1795 Conspicitur
960 1718 1113 1795 quoque
1139 1695 1233 1772 illud
1256 1699 1296 1772 in
1319 1721 1439 1799 numo

371 1811 479 1892 Nerii
498 1812 710 1904 Quaestoris
728 1808 893 1900 Vrbani,
923 1823 961 1887 et
975 1810 1020 1885 ad
1036 1833 1127 1908 opes
1144 1813 1271 1890 aerarii
1284 1809 1440 1912 spetiare

372 1924 553 2023 creditur)
581 1920 801 2000 SVFENAS
834 1957 875 1997 ε
902 1918 985 2001 Dea
1004 1919 1124 2001 Roma
1143 1923 1301 2002 insidens
1316 1926 1441 2024 spoliis

331 2039 335 2046 “
371 2054 610 2118 coronatura
630 2035 801 2115 Vitioria.
832 2033 940 2116 SEX.
966 2033 1156 2132 NONI.ns
1182 2035 1254 2117 PR.
1286 2032 1433 2116 L.V.P.

371 2151 411 2234 F.
454 2155 628 2244 (Praetor
657 2152 750 2228 iarios
779 2158 910 2244 votiuor
935 2147 1085 2252 priblicos
1101 2146 1216 2253 fecit.)
1285 2154 1439 2230 Sextum

372 2269 544 2346 Nonium
568 2267 791 2344 Suffenatem
819 2263 968 2344 adfuisse
990 2290 1059 2368 pro
1090 2267 1279 2367 quaestore
1296 2271 1349 2344 Μ.
1367 2269 1442 2344 Ae-

371 2383 478 2460 milio
497 2381 653 2471 Scauro,
684 2377 827 2481 Legato
846 2377 1014 2482 Pompeii
1038 2381 1165 2480 Magni
1190 2381 1229 2456 in
1250 2381 1374 2482 Syria,
1407 2395 1444 2457 et

298 2503 301 2510 '
373 2501 413 2574 in
430 2498 505 2572 hoc
524 2519 640 2572 numo
665 2499 883 2572 memoriam
905 2493 1173 2573 commendasse
1197 2498 1310 2595 patris
1339 2495 1439 2573 Sext

364 2611 512 2698 Nonii,
547 2611 613 2708 qui
644 2623 791 2708 praetor
815 2609 926 2712 ludos
958 2613 1108 2688 voriuos
1140 2611 1228 2688 sec'it
1253 2611 1441 2745 publicos,

373 2723 479 2802 doeie
504 2725 633 2801 docuit
650 2723 805 2800 Hauerc.
847 2721 1028 2804 Mardis.
1054 2724 1134 2804 odd.
1151 2749 1185 2816 3.

368 2880 371 2888 ’
486 2845 744 2936 NORBANA.
804 2861 834 2936 Ι.
862 2860 983 2959 Caput
996 2857 1163 2936 Veneris.
1195 2855 1237 2938 C.
1247 2855 1442 2938 NORBA-

369 2970 483 3051 NVS.
516 2963 694 3050 XXXX.
727 2973 792 3050 nisi
813 2973 882 3048 alia
898 2977 1045 3052 numeri
1061 2988 1150 3051 nota
1168 2976 1300 3051 extrita
1317 2976 1380 3051 est.
1403 3007 1442 3050 ε

370 3085 497 3166 Fasces
519 3110 606 3164 cunr
630 3087 913 3187 securiequino
933 3092 1052 3189 capite
1078 3102 1227 3177 ornata,
1255 3089 1356 3166 inter
1371 3089 1441 3189 spi·

371 3223 451 3278 cam
468 3203 579 3278 tritici
603 3215 641 3277 et
664 3203 878 3296 caduceum.
1018 3246 1021 3252 ·

484 3319 529 3393 11.
545 3312 662 3393 Alius
695 3339 790 3393 curn
809 3331 900 3392 nota
938 3312 1186 3394 CXXXXV.
1227 3313 1369 3398 Morta.
1391 3314 1438 3394 A.

371 3424 456 3507 Cufi
491 3427 532 3514 hi
556 3433 682 3517 numi,
725 3433 870 3562 ingenti
893 3454 1070 3520 numero,
1122 3455 1168 3508 eo
1199 3454 1319 3517 anno,
1362 3455 1440 3532 quo

369 3539 535 3620 Caesar
524 3567 565 3641 m
597 3527 787 3653 Hispanias
820 3542 1070 3643 promiscam,
1115 3539 1341 3640 Vmeog
1374 3549 1441 3622 sub
1486 3550 1487 3557 '

367 3651 513 3758 Lepido
534 3633 595 3734 sex
610 3655 683 3739 srue
709 3658 791 3735 ocio
809 3651 1012 3739 Praefatios
1029 3643 1128 3761 vrbis
1145 3661 1355 3751 constituit,
1385 3663 1443 3736 in-

244 3872 246 3887 .
300 3803 306 3816 ⁸
362 3785 423 3898 fer
452 3773 633 3884 quosfuit
656 3767 698 3851 C
712 3771 936 3855 Norbanus.
962 3753 1146 3881 Venus
1134 3772 1349 3852 rnCaesaris
1371 3775 1443 3854 ho-

269 3893 288 4012 ¹.
365 3911 498 3964 norem
521 3865 708 3988 expressa.
733 3887 869 3966 Mores
881 3889 1011 3970 A.
1212 3906 1216 3914 ’

399 4021 674 4106 Opimia
736 4029 763 4106 s.
795 4021 918 4125 Caput
940 3968 1082 4106 Rornae
1096 4026 1291 4136 galeatum.
1330 4025 1441 4106 Pone
1485 4094 1486 4105 ,

331 4193 332 4202 .
365 4076 503 4238 tripus,'
531 4139 628 4217 'nota
652 4139 857 4217 monetalis.
894 4170 939 4214 τι·
934 4141 1121 4242 “Apollo
1111 4167 1150 4221 rn
1170 4144 1275 4242 bigis,
1306 4165 1439 4222 arcum

277 4247 281 4252 ’
364 4253 532 4358 tondens.
553 4245 618 4330 Μ’.
638 4250 869 4334 OPEIMI‘us.
901 4242 1067 4368 ROMA.
1101 4256 1238 4399 Moresl.
1255 4280 1287 4352 3.
1305 4253 1437 4449 seges

1482 4666 1484 4759 i
