3292 5134
604 523 887 590 m
1155 537 1400 651 1429·

202 733 318 812 quam
324 700 485 788 melitis
511 709 732 810 cognescere
768 706 899 803 licuit,
933 736 1047 819 qoam
1079 715 1140 803 sbi
1158 684 1283 804 libro,

203 849 302 910 rum,
335 827 471 924 quibus
488 826 711 903 biblotheca
732 827 879 924 publica
896 826 1268 926 locupletandat
1182 828 1279 920 ellet,

204 942 420 1016 notationes
446 951 494 1014 et
512 940 777 1041 delignariones
816 939 935 1039 iplia
948 967 1014 1018 me
1040 942 1281 1036 offerentum

205 1077 296 1130 nam
319 1052 447 1129 fierem
467 1052 539 1128 fibi
554 1053 678 1131 offerri
702 1078 760 1129 eas
783 1055 897 1142 velle,
933 1057 1072 1154 oblatas
1098 1081 1282 1156 recogno,

203 1167 328 1255 scere,
349 1167 427 1270 ¹alia
447 1165 673 1258 subnotare,·
698 1166 766 1242 alia
792 1169 918 1246 obelo,
934 1171 1157 1259 confodere,
1177 1171 1288 1271 „solis
1314 1256 1316 1259 ,
1444 1201 1449 1208 ·

205 1297 291 1359 tum
311 1279 414 1356 iuille
431 1297 561 1371 narm,
590 1279 653 1358 etfi
670 1285 801 1376 exteris
818 1285 1157 1383 parumprobabile
1180 1285 1281 1361 vide·

203 1399 329 1484 bitur,
361 1419 430 1493 pro
457 1411 557 1471 certo
583 1397 706 1472 teriren
738 1420 779 1472 ac
805 1399 936 1496 ¹tellato
965 1422 1024 1476 me
1050 1398 1124 1475 hoc
1152 1392 1300 1496 eloqui

207 1511 341 1598 nostis,
368 1507 509 1603 Petres;
539 1526 619 1586 tum
640 1509 704 1585 ille
724 1511 1157 1614 librumnorrnqnquam
1177 1513 1295 1598 dam-x
1341 1552 1343 1555 ·

207 1626 339 1710 nabat,
370 1647 468 1712 meo,
489 1627 561 1732 qui
585 1623 753 1700 nondum
775 1622 913 1700 librum
931 1622 1111 1709 vidillem,
1141 1625 1282 1704 iudicio
1412 1703 1418 1712 ,

182 1767 187 1773 ·
206 1739 290 1814 satis
306 1735 559 1836 probabilem,
588 1761 700 1836 quem
721 1753 844 1842 tamen
861 1751 1007 1836 tempus
1023 1762 1066 1814 ac
1078 1761 1135 1814 res
1127 1739 1281 1870 paullo
1336 1824 1339 1831 ,

207 1845 321 1952 post
312 1877 371 1927 me
381 1851 576 1940 docebat
615 1851 660 1926 de
693 1874 844 1941 eorum,
878 1857 943 1961 qui
967 1853 1157 1951 probandi
1177 1869 1216 1930 et
1239 1856 1281 1934 1ιι

208 1957 470 2046 bibliothecam
490 1965 706 2042 admittendi
728 1962 859 2053 ellent,
894 1991 1050 2044 numero
1068 1967 1163 2044 retle
1174 1965 1280 2068 fuilse

207 2079 400 2173 ιιίεᾶιιιιι.
452 2079 575 2156 Aliot
561 2094 726 2176 tenrpore
753 2078 778 2154 fi
801 2078 887 2152 libri
904 2077 949 2153 ad
972 2079 1077 2159 suum
1098 2080 1280 2182 iudicium

207 2219 289 2268 non
306 2193 505 2278 admodum
522 2192 710 2290 praeclari,
723 2191 818 2266 forte
842 2193 951 2267 etiam
966 2215 1099 2290 magna
1116 2193 1280 2291 impensa

205 2307 431 2393 redimendi,
458 2304 642 2381 necellitas
663 2320 821 2380 tamena
846 2312 906 2382 me
931 2305 989 2379 vel
1012 2302 1166 2403 volitas,
1195 2303 1281 2399 ellel
1393 2377 1398 2385 .

208 2423 437 2507 monstrata„
452 2421 498 2496 de
516 2419 689 2495 sententia
708 2407 784 2494 1116Ι
797 2432 834 2493 et
860 2416 1050 2494 voluntate
1067 2419 1129 2496 sua
1144 2419 1279 2531 lubens

210 2535 440 2612 decedebat.''
497 2533 588 2610 Non
617 2531 689 2607 lme
729 2534 841 2609 animi
871 2533 1062 2630 voluptate
1093 2536 1334 2628 interdurn}

210 2651 299 2726 dum
318 2647 560 2727 brblrothecae
569 2646 715 2722 loculos
730 2646 949 2745 perlustras
939 2669 978 2723 ιιι
993 2647 1281 2737 libramineido,

209 2763 253 2839 de
298 2787 375 2866 qrso
417 2779 495 2838 tum
527 2787 613 2837 cum
653 2753 830 2871 emendus
869 2759 955 2836 ellet
996 2745 1283 2844 controuersiam
1411 2784 1414 2792 ·

209 2891 387 2953 natamet
373 2865 556 2969 tcauilanr
578 2900 597 2950 a
620 2899 679 2950 me
703 2899 768 2973 per
802 2874 940 2949 litteras
971 2874 1142 2970 diligenti
1174 2900 1282 2974 argu-

209 3006 421 3068 mentorum
440 2988 666 3116 expositione
684 2987 863 3085 agendam
879 2987 1061 3073 recordor
1108 2985 1280 3065 Omnino

213 3110 331 3192 enim,
360 3129 430 3204 qua
449 3109 487 3180 in
514 3107 552 3178 r'e
576 3106 701 3198 magni
725 3098 812 3178 Eius
837 3102 948 3177 animi
971 3101 1148 3179 iudicium
1174 3103 1289 3183 lucu·=

208 3217 444 3295 lentillmrum
469 3213 608 3316 ponere
629 3216 747 3302 soleo,
778 3228 855 3289 erat
876 3217 1018 3312 ingenii
1042 3219 1133 3291 mira
1157 3204 1282 3322 aliqua

208 3333 414 3424 docilitas,
432 3333 470 3406 1ιι
502 3317 584 3406 sede
608 3352 782 3430 quoque3
818 3327 990 3404 volontas
1021 3328 1210 3415 flexibilis,
1244 3344 1283 3407 et

206 3452 252 3524 ab
274 3471 380 3522 οιιιιιι
369 3447 560 3522 obstinat'
536 3458 645 3520 tione
657 3468 698 3519 ac
718 3445 919 3541 peruicacia
933 3442 1059 3518 aliena.
1121 3441 1280 3543 Copiam
1373 3443 1378 3453 '

203 3563 335 3650 iudicii
350 3561 468 3640 facere
489 3559 634 3656 militati
650 3558 822 3656 publicae
842 3557 990 3632 volebat
1006 3552 1121 3647 vrlum
1151 3570 1299 3656 quem-¹v
1344 3651 1346 3655 .
1371 3624 1374 3631 .

207 3701 295 3776 que.
384 3671 557 3750 Veritatis
587 3671 790 3746 auiloriteti
817 3684 960 3756 tantum
991 3669 1157 3747 tribuill‘e*
1184 3665 1282 3772 puto

202 3789 382 3868 mortales
398 3808 546 3888 paucos,
574 3797 671 3863 certe
688 3807 734 3872 err
751 3782 944 3887 doliorum
955 3785 1116 3884 virorqm
1132 3808 1280 3882 genere.
1315 3820 1318 3825 ·
1346 3795 1350 3802 '

322 4001 379 4080 Vt
404 4018 526 4080 tamen
551 4003 655 4079 haee
676 4003 819 4089 omnia,
862 4024 957 4102 quae
989 4002 1103 4080 modo
1136 4005 1281 4084 abhoc
1306 4017 1310 4021 ’
1391 4021 1397 4039 “

201 4118 308 4196 Viro
330 4127 477 4205 curata,
509 4117 770 4216 administrata,
801 4118 945 4214 prouisa
967 4119 1147 4216 diximus,
1185 4142 1283 4252 quo·
1388 4199 1390 4211 ,

203 4234 324 4312 modo
355 4235 402 4348 ab
425 4257 499 4310 vno
520 4235 621 4322 vird,
657 4211 775 4308 diuini
803 4234 973 4330 quamuis
1000 4233 1160 4349 ingenii,
1182 4235 1279 4310 miri
1386 4214 1389 4233 ⁴

1098 4349 1279 4464 acumims
1373 4344 1402 4415 Ι,
