3292 5134
402 541 489 636 302²
792 569 1069 582 ···-···-·-·-

159 686 160 753 l
277 709 282 721 ’
341 719 344 723 ’
396 710 562 787 humano
590 704 762 805 eloquio,
794 695 843 780 ad
863 703 1116 803 eloquentiam
1142 704 1316 810 deinceps
1344 731 1459 808 expo-

394 825 485 911 lito,
519 834 599 898 tum
612 819 822 919 palaestram
839 831 876 893 et
891 821 1088 896 certamina
1103 823 1293 919 gymnica,
1326 828 1459 920 quibus

278 934 281 954 '
397 961 468 1033 nec
484 936 597 1017 dubie
629 931 781 1010 Graecia
801 931 935 1009 multas
955 934 1097 1010 virtutis
1116 931 1343 1034 bellicasque
1359 937 1456 1014 disci.

326 1076 331 1086 ·
393 1053 519 1154 plinae
547 1045 678 1126 mullas
708 1047 842 1123 debere
871 1045 951 1124 visa.
980 1048 1052 1137 est,
1097 1071 1169 1148 qua
1203 1049 1371 1126 belluina·
1396 1053 1454 1127 illa

302 1173 309 1200 ²
394 1179 563 1243 veterum
585 1163 742 1240 heroum
756 1161 892 1238 ferocia
908 1159 1037 1249 fratlo',
1068 1161 1313 1262 hominesque
1327 1167 1456 1263 ingen.

394 1283 490 1356 tium
513 1300 716 1376 corporum
746 1279 839 1351 vires
865 1289 1066 1372 temperate
1095 1290 1133 1352 et
1163 1291 1264 1354 certo
1303 1279 1457 1358 confilio

281 1380 283 1390 ’
392 1394 577 1472 moderati
598 1412 800 1490 regerequa
826 1389 1042 1466 didicerunt

307 1668 310 1691 ,
405 1647 416 1660 ’·
503 1613 719 1716 Antiquior,
750 1625 805 1701 et,
833 1610 935 1712 quod
959 1611 1067 1688 nobis
1096 1611 1260 1702 videtur,
1297 1611 1455 1716 Pelasgi-

392 1755 458 1808 eae
481 1733 655 1827 originis,
694 1726 862 1825 Apollinis
887 1727 936 1801 est
957 1725 1110 1824 religio,
1142 1728 1454 1829 ,quandoquidem

390 1845 454 1921 illa
477 1831 517 1920 in
533 1839 795 1942 antiquissimis,
826 1837 989 1918 Etruriae
1005 1862 1168 1940 quoque,
1201 1849 1453 1922 monumentis

390 1959 575 2044 occurrit,¹
624 1969 660 2032 et
689 1952 866 2032 Romanis
902 1957 1039 2051 patrius
1072 1957 1163 2031 deus
1195 1958 1266 2034 fuit
1288 1955 1446 2057 Apollo.

243 2097 248 2102 ’
304 2098 308 2111 ·
387 2070 594 2170 Religionis
624 2071 839 2146 vetustatem
874 2068 1029 2144 citharae
1061 2070 1170 2146 etiam
1203 2074 1296 2147 ratio
1330 2074 1448 2160 docet,

389 2206 501 2286 quam
527 2187 689 2286 priorem
714 2182 817 2260 soille
841 2183 920 2280 lyra
944 2179 1083 2258 necesse
1114 2185 1180 2272 est,
1221 2189 1363 2288 quippe
1389 2190 1449 2262 cui

271 2322 274 2357 ἐ
386 2302 525 2381 fundus
555 2298 713 2388 accellrt,
768 2287 957 2374 testudinis
990 2321 1142 2386 cauum,
1185 2300 1288 2396 quod
1316 2301 1448 2378 ionum

314 2462 318 2472 ι
339 2495 343 2500 ,
385 2415 658 2492 corroboraret:
685 2437 772 2488 cum
788 2411 1020 2488 citharafides
1036 2424 1177 2486 tanturn
1192 2413 1344 2489 haberet
1358 2415 1449 2514 iugo

324 2554 327 2564 ·
370 2528 521 2610 ,iunctas
545 2530 640 2600 inter
667 2525 743 2602 duo
772 2535 920 2603 cornua.
993 2524 1110 2619 Quod
1135 2540 1257 2604 autem
1280 2525 1449 2629 Apollini

383 2638 518 2717 mufica
533 2636 780 2738 'inprimisque
805 2639 959 2728 cithara,
986 2653 1162 2740 tanquam
1180 2645 1373 2740 proprium
1394 2647 1448 2720 in-

337 2816 342 2843 ‚
381 2769 553 2842 ventum,
583 2755 721 2831 tributa
743 2755 810 2841 cst,
837 2777 884 2830 ex
900 2778 963 2842 eo,
990 2748 1055 2830 nih
1071 2753 1250 2844 fallimur,
1279 2771 1448 2856 repeten-

381 2869 472 2946 rlum
500 2867 569 2946 elie
594 2868 758 2955 videtur,-
797 2870 902 2966 quod
925 2865 1166 2967 antiquillima
1189 2869 1353 2969 Delphis
1381 2873 1449 2948 fuit

377 2983 531 3082 religio,
558 3007 652 3082 quae
672 2983 832 3058 carmina
848 2998 884 3058 et
901 2983 1050 3059 choreas
1067 3006 1151 3058 cunr
1170 3000 1302 3072 cantu,
1334 2988 1449 3062 citha·

376 3121 437 3173 rae
455 3100 626 3183 maxime,
652 3094 877 3173 defideraret.
932 3093 1096 3172 Atruere
1110 3095 1253 3198 Pythici
1267 3097 1350 3174 ludi
1372 3103 1447 3178 eius

376 3215 523 3308 generis
540 3208 772 3298 vetustiffimi,
799 3210 918 3306 (ciprii
938 3209 1121 3308 μουσικὸς)
1149 3213 1343 3311 inquibus
1363 3240 1448 3290 can-

204 3382 206 3385 .
311 3402 314 3407 ,
374 3337 435 3399 tus
451 3325 614 3422 primum
632 3344 718 3425 cum
740 3323 877 3400 cithara
892 3315 941 3402 'et
966 3325 1100 3402 chorus
1126 3328 1262 3423 viguit,
1290 3351 1367 3404 nec
1383 3329 1448 3406 nili

375 3438 475 3526 sero,
512 3425 650 3535 Pythiis
670 3437 889 3527 instauratis,
920 3435 1179 3538 (Olyrnp.48‚
1205 3445 1259 3532 3.)
1302 3441 1449 3520 accelht

374 3553 484 3639 tibia,
534 3551 647 3626 altero
674 3561 796 3644 autem
828 3548 1005 3651 Pythiade
1030 3575 1214 3654 equorum
1247 3557 1450 3656 quadriga·

375 3687 533 3764 rumque
555 3664 698 3753 cursus,
748 3664 873 3772 oriaua
895 3668 961 3766 qui
987 3666 1063 3742 alhs
1086 3666 1218 3744 fidibus
1252 3679 1446 3759 canerent,

371 3779 461 3856 hinc
474 3774 801 3866 alla'certominum
820 3803 956 3878 genera
972 3781 1055 3857 sunt
1077 3796 1232 3880 recepta.
1293 3782 1446 3863 Artium

371 3895 498 3999 itaque
520 3891 635 3971 tutela
666 3907 704 3968 et
723 3891 941 3991 praefidium
973 3893 1138 3992 Apollini
1175 3919 1253 3972 non
1285 3898 1360 3974 alia
1400 3901 1446 3978 de

370 4004 487 4082 caulla
513 4005 675 4083 delatum
700 4002 769 4081 elle
788 4008 960 4097 videtur,
1008 4019 1130 4107 quam'
1146 4009 1249 4109 quod
1274 4015 1446 4110 primam

371 4120 410 4224 in
445 4124 522 4198 eius
547 4120 652 4196 sacris
677 4117 922 4218 antiquiihmo
955 4135 991 4198 et
1016 4125 1136 4220 patrio
1167 4122 1347 4202 Graeciae
1368 4131 1444 4206 ritu

298 4241 302 4265 ¹
372 4231 527 4336 citharae
561 4233 739 4334 chorique
765 4234 846 4312 vius
876 4233 955 4311 fuit.
1026 4233 1107 4312 Pari
1138 4261 1241 4316 more
1270 4236 1442 4318 Bacchus

1308 4415 1310 4420 .
1343 4359 1474 4442 inter,
