3292 5134
565 566 850 603 m
886 640 889 647 1
1069 673 1082 707 s
1183 573 1235 671 ⁶⁹

178 753 201 817 ι
231 747 439 842 virumque
462 753 525 820 ant
547 744 590 819 in
621 745 779 823 eundem
803 746 965 833 fontem,
1007 730 1070 823 aut
1100 745 1140 821 in
1168 767 1233 823 eoa

178 853 339 934 ocidiffe
368 855 507 933 necelle
534 856 592 948 lit,
638 863 703 959 qni
727 884 774 937 ex
797 884 872 937 vno
896 859 1104 959 eodemque
1128 856 1236 945 fonte

178 970 378 1071 rauserant.
406 967 467 1047 De
476 968 670 1058 Charonda
685 973 759 1051 alio
773 974 860 1054 ioco
872 974 1101 1066 uidebimus3
1130 994 1233 1050 nuno

178 1082 208 1157 le
233 1083 411 1161 Zale‘uco
433 1085 707 1216 dispiciendum.
767 1086 884 1179 Quod
905 1088 950 1163 ad
966 1087 1077 1187 leges
1090 1088 1235 1175 attinet,

178 1197 249 1275 iant
275 1196 368 1274 sane
390 1221 438 1277 ex
468 1202 513 1273 iis
537 1200 757 1290 nonnullae,
808 1223 963 1299 quarum
989 1203 1098 1277 etiam
1131 1198 1236 1306 apud

178 1309 258 1385 lios
282 1309 481 1409 scriptores
508 1317 649 1394 mentio
671 1314 723 1392 ht
783 1313 898 1406 Quod
914 1328 1035 1395 autom
1054 1336 1132 1391 non
1147 1302 1230 1427 ipsit
1355 1304 1358 1314 ’

178 1426 319 1499 erbis
332 1423 506 1502 Zaleuci
519 1430 677 1526 antiquis
712 1428 758 1503 ad
789 1450 873 1508 nos
889 1451 1108 1526 peruenere,
1150 1446 1239 1505 non.¹

178 1561 244 1615 am
267 1540 351 1613 vim
372 1540 512 1615 habere
535 1542 672 1639 potest,
721 1556 761 1615 vt
782 1543 938 1617 omnino
961 1538 1232 1626 commentitiae

178 1649 245 1725 int
319 1650 430 1743 Quot
452 1654 598 1733 tandem
631 1669 693 1736 aut
719 1650 881 1753 Lycurgi
911 1668 973 1730 aut
995 1654 1142 1733 Solonis
1169 1660 1239 1743 aut,
1365 1744 1368 1751 ,

178 1762 319 1862 legum
338 1763 705 1854 etDecemniroruna
721 1765 861 1845 Romae
878 1766 978 1867 leges
1002 1766 1084 1867 ipsas
1101 1780 1231 1847 norunt
1270 1761 1273 1770 ’
1316 1844 1320 1849 .

178 1879 289 1966 {erbis
311 1878 514 1977 expreiiae!
558 1882 821 1981 negabiurusne
846 1881 917 1957 illis
948 1884 1146 1981 quicquam
1169 1892 1232 1955 ve·-

178 1991 282 2067 itatis
305 1990 442 2071 incise?
497 1992 560 2074 De
584 1996 642 2083 his
664 1998 756 2073 adeo
777 1996 920 2075 videtur
944 1995 1122 2071 satistuto
1144 2014 1232 2094 pro·

178 2107 329 2183 nuntiari
345 2099 464 2204 polle:
492 2110 622 2188 viurt
586 2134 605 2185 e
607 2123 895 2207 targumentunr
917 2108 1044 2205 legum
1063 2128 1142 2181 non
1162 2102 1231 2184 elle

178 2222 477 2310 :ommentitium,
506 2222 567 2297 sed
583 2246 668 2302 cum
685 2221 756 2299 fide
772 2222 966 2312 traditum3
996 2240 1240 2346 nequaquam·

178 2341 290 2407 tamen
321 2333 406 2432 iplis
432 2334 561 2432 legum
588 2337 725 2475 veihis,
767 2354 929 2438 quorum
952 2332 1109 2468 omnino
1135 2326 1236 2413 nihii
1356 2326 1357 2331 ‘

178 2443 257 2523 ad
241 2470 308 2527 ιιοι
325 2448 509 2576 perlatum
530 2449 590 2531 est

284 2669 383 2763 Quis
420 2624 541 2746 tannen
574 2667 638 2744 ille
664 2665 799 2741 aanor
823 2657 953 2759 inerit,
998 2690 1082 2771 qua
1101 2654 1239 2757 aetate,

181 2772 247 2881 qua
266 2784 338 2863 fide
354 2782 618 2862 etauiioritate
637 2778 700 2876 ille
711 2775 835 2869 fuerit,
852 2796 963 2879 equo
978 2780 1035 2880 ιο.
1047 2777 1231 2857 Stobensra

179 2910 212 2969 et
226 2895 419 2999 Diodorus
444 2920 487 2992 ea
502 2899 664 2996 petiere,
702 2916 809 2998 quae.
835 2895 879 2979 ab
906 2898 949 2971 iis
973 2884 1102 2998 tradita
1133 2891 1235 2979 sunt,

181 3008 250 3087 hoc
271 3015 310 3089 in
325 3015 468 3089 incerto
492 3011 550 3088 est.
609 3008 702 3103 Sane
727 3009 823 3083 inter
857 3005 1041 3089 πολιτείοις
1067 3016 1104 3081 et
1129 3016 1230 3093 νομι-

180 3121 297 3213 deun,
313 3124 535 3213 Aristotelis,
565 3119 805 3219 Theophrasti
822 3116 1102 3206 et'lleraclidis,
1130 3114 1236 3213 leger
1287 3112 1297 3149 ²
1363 3200 1368 3207 ,

182 3233 381 3319 locrorum
402 3236 630 3319 hauddubie
653 3235 754 3309 fuere
777 3232 992 3340 adscriptae,
1022 3232 1084 3307 vix
1107 3243 1231 3305 tamen

184 3352 256 3447 ipfis
281 3357 411 3451 legum
446 3353 566 3427 verbis
587 3340 763 3445 antiquis.
850 3344 984 3426 Potuit,
1009 3347 1117 3426 etiam
1150 3338 1230 3430 else,
1274 3360 1276 3369 '

186 3468 242 3561 qui
260 3466 471 3545 Locrorum
482 3464 604 3562 leges,
634 3462 729 3541 forte
745 3474 783 3537 et
801 3485 876 3551 res,
905 3482 954 3551 ‚ex
972 3456 1057 3556 ipsis*
1070 3454 1233 3533 Lucren-
1282 3488 1286 3497 ·
1308 3456 1310 3460 ’

186 3575 264 3657 fium
286 3580 442 3667 tabulis,
477 3574 682 3678 collegiilet
707 3589 743 3649 et
766 3574 940 3673 {iugulari
962 3594 1074 3671 opere
1095 3590 1235 3669 propo«
1250 3621 1259 3639 -.

189 3688 300 3772 sniiiet
383 3692 512 3771 Potuit
535 3694 643 3771 etiarn
668 3686 754 3776 elie,
787 3691 861 3787 qui
889 3710 936 3762 ex
958 3708 1033 3761 uno
1056 3684 1232 3771 alteroue,

190 3820 244 3880 ant
262 3833 308 3887 ex
324 3805 538 3907 pluribus,
547 3827 691 3885 nouum
707 3825 806 3901 opup
828 3796 1091 3885 concinnatio,
1133 3808 1235 3873 certo
1371 3812 1376 3819 ·

188 3922 349 4012 confilio,
390 3920 437 3997 ad
460 3918 746 4019 philosophiam,
783 3916 1024 4015 inprimisque
1043 3910 1089 3993 ad
1108 3909 1235 4005 legun

187 4017 406 4115 ferendarum
439 4036 639 4119 rationem,
674 4041 921 4129 attemperato.
983 4021 1148 4117 Quodsi
1170 4018 1234 4095 ille
1274 4078 1278 4085 .
1357 4022 1362 4029 '

190 4144 250 4242 ipsa
265 4150 396 4247 legum
412 4148 522 4225 verba
535 4144 633 4223 haud
648 4142 817 4240 reddidit,
845 4142 959 4223 forte
961 4156 1029 4217 nec
1046 4129 1233 4233 expreffit3

190 4254 336 4361 fiplura
361 4262 409 4343 de
422 4261 497 4341 suo
514 4258 679 4379 addidit.
677 4366 710 4453 E
717 4277 806 4337 non
828 4269 951 4337 tannen
972 4249 1088 4340 statiua
1111 4247 1236 4439 ἀίιὲιι

743 4394 760 4467 3
1193 4381 1236 4439 ¹¹⁵
1300 4448 1304 4453 .
