3292 5134
378 587 381 601 Ι

211 718 291 793 tes,
322 708 452 806 quiin
475 707 684 814 ciuitatibus
701 705 781 783 suis.
797 709 886 806 reip.
911 706 1222 793 administratione
1246 726 1285 787 et

205 822 428 917 magistratu
445 820 560 899 fundi
585 820 631 899 ad
660 820 761 919 leges
788 820 1035 906 emendandas
1053 826 1196 901 animos
1221 825 1284 901 ad·
1340 819 1356 918 ’,

203 947 415 1013 verterunt.
475 934 581 1015 Nihil
593 948 717 1015 tamen
735 934 795 1011 vel
810 933 858 1011 fic
874 922 1077 1015 detrahitur
1097 929 1283 1035 Pythago-

202 1072 275 1123 rae
290 1048 480 1138 laudibus,
512 1048 737 1149 quem„etsr
750 1051 856 1127 omni
874 1065 938 1126 aut
953 1049 1204 1152 superstitione
1219 1062 1282 1127 aut

207 1162 374 1238 fanatico
396 1164 538 1263 impetu
558 1163 713 1239 liberare
737 1162 874 1252 nolim,
911 1166 1008 1241 inter
1032 1163 1282 1297 praestantilll-

205 1300 295 1352 mos
315 1290 436 1353 tamen
451 1277 628 1359 mortales
642 1277 879 1358 referendum
895 1275 1093 1369 arbitror,
1095 1281 1280 1380 inprimis-

204 1415 284 1497 que
305 1390 345 1465 in
363 1415 407 1466 eo
423 1392 592 1468 admirari
609 1390 730 1480 sole0,
765 1391 887 1491 quod,
919 1389 1004 1469 cum
1030 1392 1275 1488 intellexillet,

202 1504 302 1603 quid
328 1506 513 1604 praeclare
539 1502 797 1605 spectassent
773 1531 819 1591 u,
865 1508 941 1605 qui
953 1504 1215 1605 Spartanorum
1239 1521 1277 1587 et

204 1616 438 1697 Cretensrum
455 1644 547 1718 resp
570 1642 768 1721 earumque
784 1619 888 1723 leges
909 1620 1163 1712 condiderant,
1193 1646 1275 1721 per·
1388 1629 1397 1716 J

205 1734 326 1831 spexit
311 1734 467 1822 tidem,
496 1734 600 1810 aliter
627 1734 819 1819 constituta
849 1734 997 1813 'ciuitate
1021 1736 1148 1815 eadem
1174 1738 1274 1814 bona

205 1848 367 1927 obtineri
384 1846 496 1947 polle,
526 1848 694 1925 seueritat
680 1862 714 1925 te
731 1849 860 1946 legum
877 1862 1093 1964 temperata,
1115 1840 1226 1927 fffiie
1215 1875 1273 1927 rn-
1372 1896 1375 1901 -
1407 1905 1410 1918 ·

203 1965 301 2040 iuria
322 1976 471 2055 naturae
493 1962 685 2045 humanae
747 1960 845 2045 Cunr
867 1987 994 2093 pqrto
1006 1967 1162 2051 virtutis
1169 1954 1272 2041 habi·

198 2090 283 2153 tum
308 2075 462 2153 induere
499 2076 610 2154 vellet
595 2080 778 2171 ttiuium
804 2080 957 2173 animle,
997 2076 1126 2155 finon
1148 2081 1271 2157 omni-

200 2193 272 2267 bus
297 2214 340 2269 at
353 2190 536 2289 fingulis,
569 2192 671 2290 quod
696 2188 774 2265 fieri
796 2191 944 2289 nequit
975 2204 1135 2271 attamen
1156 2216 1271 2291 quam
1309 2216 1314 2235 ·
1401 2259 1412 2284 χ

201 2305 391 2437 plurimis.
420 2297 459 2382 id
483 2319 605 2384 autem
630 2306 760 2405 partim
783 2302 1028 2390 institutione,
1061 2307 1122 2384 cui
1145 2317 1271 2392 tamen
1344 2350 1352 2361 ·

202 2422 313 2519 pauci
333 2442 462 2501 vacare
481 2416 649 2549 pellunt,
681 2420 815 2518 partim
835 2418 1009 2518 exemplo
1030 2431 1068 2498 et
1090 2419 1155 2499 vsu
1173 2422 1270 2498 vitae

203 2532 280 2615 fieri
303 2532 444 2622 neeesse
463 2534 532 2623 est,
566 2537 666 2617 vlam,
681 2533 776 2611 hane
802 2531 980 2632 iugrellus
1006 2534 1076 2638 est,
1100 2548 1141 2612 vt
1165 2532 1270 2614 disci-
1294 2628 1299 2641 ι
1340 2576 1351 2613 .·

204 2648 382 2747 palorum
405 2662 554 2727 coetum
570 2647 741 2737 haberet,
781 2661 818 2729 et
846 2647 999 2747 quidem
1021 2672 1161 2747 magno
1187 2650 1269 2727 satis
1301 2699 1305 2708 ι

201 2780 377 2870 numero,
402 2785 508 2861 ,quos
533 2786 619 2843 sum
641 2762 714 2861 ipse
730 2785 808 2846 non
824 2762 941 2844 modo
956 2760 1119 2848 dotrina
1138 2787 1268 2845 verum

202 2880 312 2957 etiam
334 2881 406 2954 uita
423 2890 460 2955 et
474 2876 573 2957 fallo
591 2876 638 2955 ad
651 2876 822 2963 iustitiam
840 2889 877 2959 et
893 2878 1087 2963 virtutem,
1112 2878 1268 2976 eiusque

203 2991 379 3081 fundum,
405 2992 466 3068 cui
483 2988 546 3066 illa
563 2991 752 3083 innititur,
782 2990 829 3065 ad
849 2970 1118 3087 frugalitatem,
1148 2991 1268 3065 conti.
1347 3034 1350 3038 »
1456 2984 1460 2989 ’

199 3107 363 3184 nentiam
389 3120 426 3181 et
448 3100 681 3203 patiendam,
719 3101 940 3191 adduxisset,
977 3124 1069 3183 mox
1092 3125 1159 3178 eos
1186 3101 1267 3184 aliis
1404 3113 1407 3115 ’

198 3218 231 3295 le
271 3220 491 3321 adiungere,
527 3231 577 3296 et
603 3217 754 3300 consuet
739 3218 868 3296 tudine
894 3214 1034 3316 usuque
1064 3218 1171 3299 vitae
1182 3217 1267 3302 luos

200 3358 388 3439 quemque
415 3336 552 3415 amicos
576 3345 613 3413 et
635 3331 806 3433 aequales
832 3330 1029 3409 honestatis
1051 3330 1208 3408 studio
1198 3356 1267 3409 rm-

199 3450 310 3551 buere
329 3446 441 3527 iullrt:
487 3472 581 3552 quae
597 3449 704 3524 vnica
720 3446 818 3526 forte
843 3442 930 3523 ellet
953 3435 1066 3536 ratio,
1104 3469 1177 3547 qua
1200 3468 1267 3545 pet

200 3585 308 3661 quam
328 3563 511 3663 plurimos
528 3561 673 3664 vulgari
695 3564 810 3645 virtus
837 3563 934 3643 inter
953 3558 1132 3642 homines
1138 3569 1175 3642 et
1197 3558 1266 3642 dis-

201 3676 361 3761 seminari
388 3674 524 3783 pollit„
644 3773 657 3819 ,
