3292 5134
529 502 536 516 ’
591 495 876 551 -ψ-..ε-εε
999 529 1003 538 ,
1049 549 1057 558 .
1191 537 1265 612 341

182 668 183 675 ‘
307 676 481 759 Vidimus
505 679 628 757 adhuc
650 679 814 784 acriores
840 683 1022 782 potiores,
1040 741 1042 746 .
1058 685 1124 782 qui
1148 707 1189 757 ea
1217 684 1280 760 de«
1326 729 1352 766 ·.

188 817 224 872 te
244 792 493 882 tradiderant,
525 792 541 886 s
555 806 642 870 nam
655 794 841 872 seriorum
861 794 1077 898 scriptorum
1095 797 1155 872 vel
1171 807 1262 896 poe-

189 921 313 984 tarum
328 906 428 996 loca,
453 911 524 1013 ¹qni
541 907 940 999 ornaruntrabulam·
963 913 1008 985 in
1027 909 1175 992 cerasum
1199 911 1262 1010 hic

186 1015 268 1096 non
286 1023 472 1112 veniunt)
504 1022 672 1123 plerique
696 1045 782 1099 cum
813 1027 1114 1124 interpretatione
1138 1013 1261 1132 aliqua

185 1135 337 1212 adiecta.
391 1131 522 1212 Cam
545 1141 696 1237 primos
723 1135 810 1214 illos
834 1141 1060 1237 antiquiores
1092 1138 1262 1216 auctores

184 1248 501 1342 non‘habeamus,
531 1273 602 1328 nec
631 1249 721 1352 quid
747 1251 803 1327 illi
826 1253 1060 1342 tradiderint,
1094 1253 1176 1338 satis
1201 1277 1260 1328 ac-

184 1377 311 1440 curate
326 1365 540 1442 teneamus:
568 1366 615 1442 de
629 1365 998 1445 verosabulaesensu
1015 1369 1078 1445 rix
1094 1391 1260 1466 unquam
1340 1461 1343 1468 ,
1426 1418 1427 1427 r

183 1479 266 1556 satis
291 1491 374 1556 tuto
399 1478 551 1576 aliquid·
570 1480 800 1577 pronuntiari
823 1477 924 1580 posse
946 1481 1177 1558 nrarrisestum
1203 1479 1256 1558 fit.

184 1596 220 1669 Si
258 1608 381 1668 tamen
415 1592 594 1670 iudicium
618 1616 665 1669 ex
691 1593 819 1671 indole
849 1608 1013 1674 veterum
1038 1596 1255 1696 mythorum
1359 1656 1361 1665 ,

182 1707 366 1806 similique
381 1706 760 1784 aliarum-fabularum
778 1721 864 1786 ortu
878 1709 1073 1786 serendum
1089 1709 1154 1797 est,·
1176 1721 1254 1786 tota

180 1819 348 1900 haecde'
363 1824 506 1917 origine
525 1817 810 1926 Arcadumante
833 1817 979 1910 Lunam
1001 1825 1161 1899 narratio
1185 1823 1255 1898 du·
1281 1895 1287 1903 .

181 1936 235 2010 iia
252 1931 308 2010 ‘est
331 1939 529 2010 anomine
555 1934 826 2039 Proselenornm‚
862 1927 965 2035 quod
982 1939 1020 2012 in
1042 1950 1164 2012 vetere
1188 1937 1284 2014 ali...
1322 1999 1324 2004 ,

178 2074 258 2149 quo
276 2051 436 2128 carmine
447 2049 510 2124 rel
526 2047 702 2148 scriptore
718 2053 947 2139 occurrebat,
980 2064 1017 2126 et
1033 2053 1138 2127 cuius
1159 2049 1252 2126 adeo

177 2167 233 2238 vis
258 2175 296 2239 et
323 2165 417 2239 ratio
440 2182 488 2238 ex
515 2187 563 2237 eo
588 2150 670 2238 solo
694 2163 948 2238 constituenda
971 2177 1086 2240 erate*
1134 2161 1250 2240 Nunc

176 2303 263 2356 cum
288 2276 538 2359 austoritatem
559 2275 763 2374 illam¹nnn
786 2274 984 2353 habeamus
1011 2298 1133 2374 neque
1158 2275 1252 2352 adeo
1359 2287 1365 2295 ’

176 2396 378 2468 veritatem
392 2391 506 2491 ipsam
524 2406 652 2466 'tenere
675 2366 872 2489 ducamus·
897 2389 943 2466 ad
965 2389 1251 2475 contestationes
1283 2459 1284 2464 a
1339 2441 1343 2447 ,

175 2507 395 2583 descendere
412 2507 518 2598 licet3
549 2503 749 2582 videndum
767 2503 884 2587 modo
899 2505 969 2592 est‚·
997 2517 1036 2580 vt
1055 2505 1252 2602 antiquita-

175 2626 224 2696 tis
241 2620 462 2718 genioillae
487 2618 567 2694 satis
594 2619 858 2695 consentaneae
881 2617 960 2694 srnt.
1020 2615 1100 2695 Iam
1123 2635 1248 2694 autem

175 2749 215 2810 et
240 2733 332 2812 olim
345 2733 485 2809 multae
499 2735 748 2808 diuinationes
764 2735 804 2808 in
829 2733 993 2809 medium
1010 2731 1138 2824 allatae
1153 2731 1247 2820 sunt,

173 2865 215 2924 et
231 2871 333 2923 nunc
352 2849 451 2923 aliae·
475 2847 596 2924 afferri
612 2843 778 2945 potsunt:
823 2846 870 2924 de
896 2847 1034 2946 quibus
1059 2845 1248 2922 videamus

170 2961 358 3061 sigillatim
380 2960 485 3062 quid„
497 2960 729 3038 statuendum
746 2956 799 3038 fit
1275 2989 1281 2996 ·

288 3185 460 3267 Omnino
504 3198 629 3265 antem
671 3183 962 3272 Proselenorum
995 3203 1136 3260 nomen
1178 3182 1248 3260 im.

165 3301 333 3402 positum
362 3302 567 3381 Arcadibus
591 3300 707 3377 videri
741 3300 859 3400 potest
890 3309 970 3384 nat,
1025 3294 1129 3402 qbo'd
1162 3309 1248 3372 ante

170 3414 302 3494 Lunae
331 3417 493 3505 cultum,
534 3439 661 3491 remae
685 3414 846 3515 aliquam
873 3413 919 3489 de
950 3407 1058 3490 Luna
1082 3410 1246 3510 mythice

167 3531 361 3620 traditam,
402 3520 587 3607 Arcadum
610 3541 761 3628 gentem
785 3525 940 3606 extitisse
965 3524 1246 3610 norantshomi-

164 3671 257 3734 nes,
289 3659 349 3724 out
373 3644 478 3746 quod
500 3640 628 3720 Lunae
657 3643 942 3742 descriptionem
961 3651 998 3714 et
1023 3638 1248 3716 obseruatio·

165 3785 260 3838 nem
284 3759 478 3837 senioribus
496 3757 647 3834 demum
664 3756 957 3832 aetatibusinter
972 3777 1036 3830 ens
1058 3767 1245 3858 receptam

167 3872 326 3975 viguisse
350 3873 550 3952 constabat.
622 3865 750 3950 Habet
769 3884 921 3968 vtraque
945 3870 1076 3968 opinio
1103 3887 1180 3964 quo
1194 3859 1244 3938 -se

163 4001 336 4078 tueatur,
365 3987 545 4087 posterior
573 3987 682 4063 etiam
705 3983 921 4084 exemplum
936 3995 974 4060 et
992 3979 1243 4068 auctoritatem

163 4119 337 4180 veterum
362 4101 592 4217 scriptorum
699 4193 702 4198 .

571 4331 576 4338 ’
642 4309 784 4410 'ise'
1051 4287 1055 4312 ³
1124 4303 1242 4388 Fuisse
