3292 5134
597 499 898 564 m
1205 498 1384 626 273ss

217 718 222 738 ·
329 674 627 771 Quaestionunc
646 680 851 769 suboritur,
881 679 1144 783 ad'quudoan'r
1165 704 1285 781 genus
1326 675 1340 689 ”

211 817 251 871 ac
279 795 430 891 stirpem
449 793 677 871 Graecorum
707 796 936 873 renouandae
962 794 1031 871 lint
1048 796 1118 871 hae
1140 792 1287 874 Chalci.
1354 794 1358 800 ’
1413 840 1421 857 κ

211 909 316 990 dicae
334 910 508 985 ciuitates.
561 908 662 987 ¹Siin
677 894 1285 1011 Euboeaeoriginesinquirimus,

207 1021 379 1129 Abantes
392 1026 530 1121 primos
548 1046 627 1131 eam
650 1020 810 1099 insedisse
828 1028 1048 1124 accipimus,
1084 1028 1151 1124 qul
1168 1023 1311 1102 Thra-··
1362 1093 1364 1100 .
1473 1078 1476 1087 -

213 1160 275 1213 ces
287 1136 404 1219 suere
428 1135 494 1231 (ex
516 1134 709 1245 Aristotele
727 1138 859 1217 Strabo
876 1136 933 1215 Χ·
947 1162 982 1238 p,
997 1144 1075 1224 686
1093 1135 1156 1235 B.)
1169 1154 1174 1163 ·
1186 1138 1286 1216 Aeo-

210 1248 330 1330 leoses
354 1253 449 1325 inter
473 1254 703 1351 antiquiores
727 1252 885 1347 colonos
916 1250 1020 1338 fuisse
1041 1276 1062 1327 e
1084 1250 1285 1330 Plutarcho

211 1361 501 1467 (Qu.Gr.Opp.
529 1362 658 1441 Tull.
679 1363 903 1471 p.296-D.)
926 1355 1181 1443 diseerelicet:
1221 1367 1300 1444 ad·'

209 1476 400 1555 haeserant
420 1478 558 1555 scilicet
580 1480 755 1555 nonnulli
773 1478 906 1557 Aeoles
925 1481 1053 1572 exiis,
1080 1504 1178 1589 quos
1191 1478 1287 1558 Pen-
1368 1540 1376 1555 ,

210 1592 325 1668 thilus
342 1595 392 1667 *in
416 1592 534 1669 Afiam
570 1593 774 1669 deduxerat
799 1590 999 1693 (adeoque
1021 1594 1111 1691 pust,
1128 1596 1161 1668 b.
1180 1593 1283 1693 Troj.

210 1700 363 1802 aLX').
424 1705 635 1785 Insederant
656 1707 733 1783 aliis
756 1710 794 1783 in
821 1707 915 1784 locis
937 1706 1018 1793 alii,
1054 1704 1285 1798 vtvCuretes,
1368 1774 1371 1779 .
1457 1760 1465 1793 ,

210 1817 368 1921 Leleges
385 1820 550 1920 (Seymn.
567 1815 687 1923 571),
723 1818 920 1922 Dryopes,
952 1821 998 1898 ad
1012 1832 1118 1920 ‘quos
1134 1817 1288 1919 Carysti,
1375 1910 1377 1915 Ι

207 1932 423 2023 Perrhaebi,
464 1935 509 2011 ad
529 1958 625 2035 quos
650 1933 828 2013 Histiaeae
855 1938 1040 2038 originem
1067 1935 1178 2013 refert
1199 1935 1288 2034 Scy-

209 2062 321 2125 mssus
336 2050 399 2137 (V-
417 2072 433 2141 5
442 2070 464 2143 7
471 2056 505 2124 6·
525 2072 548 2143 7
560 2045 590 2148 )·
652 2046 779 2142 Quid?
811 2049 916 2149 quod
936 2064 975 2125 et
996 2045 1132 2125 Arabes
1155 2049 1288 2126 Cadmi
1315 2079 1318 2083 ·
1453 2041 1457 2051 “

209 2166 366 2239 comites
385 2165 432 2241 *in
460 2159 868 2241 Euboea-substiterant
897 2163 1047 2250 (Strabo
1062 2159 1115 2237 X.
1140 2185 1177 2260 p.
1192 2168 1288 2255 685.
1364 2175 1369 2187 “

212 2284 327 2368 686).
385 2272 560 2358 Omnino
589 2282 712 2352 tanr'en
737 2273 972 2352 Euboeenses
1006 2274 1112 2353 ionici
1140 2266 1309 2373 generis⁸
1393 2330 1396 2336 .

209 2393 315 2487 fuere
339 2389 474 2478 habiti,
500 2392 634 2491 partim
648 2389 735 2465 inde
754 2380 808 2465 ab'
818 2391 883 2477 iis,
919 2390 1090 2487 quicum
1107 2384 1233 2470 Cotbo
1251 2399 1291 2465 et‘

209 2502 352 2595 Aeolo,
370 2500 626 2593 'Xuthi-filiis,
658 2504 698 2579 in
721 2500 911 2580 Euboeam
928 2501 1104 2579 venerant
1122 2496 1158 2603 t)
1182 2497 1291 2601 [Plus
1356 2512 1360 2516 ·
1394 2523 1404 2537 ¹

208 2621 322 2697 tarch.
345 2620 370 2693 l'.
382 2614 456 2717 c.],
483 2622 615 2719 partim
635 2619 680 2699 ab
698 2620 754 2706 iis,
772 2620 839 2717 qui
855 2642 941 2695 cum
957 2612 1137 2724 Cecrope,
1154 2614 1290 2694 Erech·

209 2736 285 2811 thei
308 2730 401 2821 filio,
430 2736 469 2808 in
486 2732 642 2809 insulam
655 2734 873 2811 traiecerant
893 2728 1058 2820 (Pausan.
1071 2728 1101 2817 Ι,
1115 2753 1147 2823 5.
1160 2752 1220 2827 pn
1233 2732 1288 2827 3).

208 2832 427 2927 Chalcidem
456 2868 542 2925 vero
561 2844 776 2936 Pandarus,
818 2844 1015 2925 Erechthei
1039 2843 1160 2927 lilius,
1202 2840 1319 2954 Ere-s

208 2965 319 3039 triam
334 2959 490 3053 Aeolus,
536 2960 794 3046 Athenienses,
834 2954 1040 3038 condidisse
1061 2956 1290 3055 ferebantur,

208 3075 411 3177 (Scymnus
436 3097 512 3170 592
540 3088 577 3153 et
591 3099 630 3174 4.
662 3072 793 3183 Strabo
807 3070 862 3181 X,
879 3080 1006 3174 p.685
1028 3067 1069 3149 B.
1103 3069 1184 3148 add
1195 3064 1289 3146 veo

210 3191 270 3289 lej.
290 3188 320 3279 I,
338 3215 377 3287 4,
405 3195 457 3282 1.)
624 3262 629 3273 ,
1119 3222 1125 3239 =

324 3385 414 3473 Iam,
437 3412 530 3496 quae
571 3382 866 3465 Chalcidicarum
900 3381 1095 3464 ciuitatum
1125 3384 1290 3463 instituta
1421 3416 1428 3425 ’

210 3504 370 3593 suerint,
409 3528 535 3581 eruere
558 3502 658 3581 haud
685 3504 755 3577 erit
779 3498 939 3579 difficile.
1014 3495 1161 3575 Chalcis
1187 3503 1290 3577 enim

212 3622 410 3720 optimates
428 3620 575 3704 habuit,
604 3617 669 3716 qui
685 3638 798 3714 renrp.
818 3623 1011 3713 gererent,
1048 3609 1288 3719 Hippobotas

206 3734 348 3824 ditlos,
391 3732 438 3811 de
461 3727 597 3832 quibus
613 3728 765 3807 videndi
787 3722 1003 3807 Herodotus
1026 3720 1108 3825 (lib
1119 3720 1170 3817 V,
1196 3721 1288 3824 77.)

250 4039 284 4123 d)
305 4036 355 4108 Ad
370 4033 507 4104 Gothum
531 4035 625 4101 etlam
638 3984 778 4101 cerinthi
794 4027 886 4115 otigo
906 4029 1097 4103 teserehdtur
1113 4022 1285 4126 v.Scymn.

326 4140 400 4203 575.
443 4120 579 4185 Fratrem
592 4122 633 4183 iis
650 4118 853 4185 accensebant
872 4113 1029 4197 Ellopem,
1049 4132 1144 4194 aquo
1158 4109 1287 4175 vetusto

327 4205 431 4288 poetis
451 4205 579 4269 Euboea
601 4202 684 4269 dista
705 4202 829 4287 Ellopia
851 4200 962 4267 strnue
978 4197 1020 4274 X,
1040 4199 1157 4282 p-683.
1172 4193 1217 4261 A.

269 4340 386 4429 Hrynir‘
406 4336 513 4428 opusc.
524 4337 613 4409 acad.
646 4337 714 4408 Vol.
727 4338 776 4407 ΙΙ.
915 4318 940 4397 S

1252 3850 1412 3924 et,¹
