3292 5134
394 538 520 613 rra.
641 522 644 537 '
785 493 1068 594 ‘'rm-'¹⁵⁵

389 685 458 787 tim
472 666 619 777 ¹attigit,
663 672 905 775 intelligitur,
942 672 1044 757 fuille
1065 690 1161 771 tum·
1176 679 1219 753 in
1252 678 1369 771 vrbe
1402 677 1475 757 dua

389 794 583 895 ludiones,
616 816 772 893 quarum
787 790 899 869 altera
920 792 966 869 ad
990 790 1216 873 Sofisttatum
1231 807 1273 868 et
1299 792 1474 871 Heracli

389 910 477 1003 dem
493 906 732 1007 Syracusanos
748 904 957 983 inclinaret:
988 930 1051 995 ea,
1083 908 1172 983 vrbe
1194 906 1313 983 eietta
1332 915 1403 1003 rr)
1434 915 1475 985 ni·

263 1011 266 1024 ⁸
389 1025 449 1107 hil
465 1021 602 1111 omifit‚
633 1043 712 1119 quo
731 1018 796 1095 fibi
822 1020 981 1096 reditum
1000 1034 1151 1118 pararet
1209 1016 1361 1121 Itaque
1395 1027 1475 1101 Cro

390 1140 549 1216 toniatae
564 1134 731 1235 petitione
755 1158 840 1211 cum
856 1129 1006 1209 Bruttiis
1024 1135 1112 1211 latta
1129 1134 1307 1224 aduersus
1327 1139 1475 1214 exsulet

323 1284 326 1291 ·
390 1274 491 1335 arma
519 1262 803 1337 conuerterant,
832 1250 1092 1348 protrattoque
1125 1252 1198 1326 iam
1230 1251 1275 1325 in
1312 1250 1472 1328 alterurn

392 1386 532 1473 annum
552 1362 656 1440 bello
673 1328 855 1443 Paronem
876 1376 917 1437 et
930 1360 1196 1448 Menedemum
1221 1366 1355 1463 copiis
1378 1392 1472 1465 prae

322 1549 325 1559 ,
392 1481 563 1567 fecerant
622 1473 704 1553 At
694 1501 720 1553 11
712 1474 921 1577 profectos
943 1500 966 1551 a
989 1472 1141 1555 Thuriis
1164 1479 1230 1565 (ab
1255 1479 1322 1555 his
1350 1483 1468 1581 itaque

270 1622 273 1629 ⁴
303 1591 306 1601 ’
333 1626 335 1638 ·
393 1596 538 1676 fuerant
564 1591 721 1692 recepti)
748 1590 890 1677 exsules
918 1590 1174 1672 internecione
1199 1590 1403 1673 deleuere.

392 1792 399 1901 J
505 1794 603 1891 Cum
619 1807 746 1907 aliquo
761 1822 929 1907 tempore
944 1809 1027 1911 post
1041 1805 1264 1908 Agathocles
1287 1811 1462 1905 summm

391 1948 517 2029 ¹terunt
534 1922 714 2023 Syracusis
733 1920 964 2013 obtinuillet,
995 1923 1150 2015 consilia
1170 1925 1215 2002 de
1232 1930 1412 2008 Crotone
1431 1943 1459 2004 et

299 2136 302 2145 Ι
384 2042 521 2141 ceteris
547 2034 671 2115 Italiae
699 2036 849 2117 urbibus
875 2037 1102 2135 occupandis
1124 2063 1224 2119 noua
1243 2044 1347 2118 iniit.
1398 2040 1452 2119 Fa·

390 2159 462 2258 cile
499 2155 600 2231 enim
631 2153 684 2229 est
721 2152 767 2229 ad
797 2148 1078 2251 allaquendum·,
1124 2156 1178 2244 ei,
1217 2158 1289 2253 qui
1323 2156 1449 2234 Sicilire

313 2331 315 2339 ,
390 2292 551 2374 regnum
572 2264 632 2345 seu
648 2266 868 2345 teneretseu
885 2265 1082 2357 affetlaret,
1117 2269 1161 2343 ad
1184 2292 1274 2367 opes
1304 2271 1442 2348 {uasti
1430 2292 1453 2343 r·

394 2385 545 2467 mandas
569 2382 770 2459 admodum
803 2370 1062 2480 opportunum
1094 2379 1474 2472 foille,vt1talltr

332 2491 347 2531 ³
392 2496 575 2589 interimis
602 2496 696 2571 vires
722 2492 907 2569 adiuntlas
936 2494 1002 2571 nti
1023 2494 1183 2574 haberet
1260 2494 1452 2601 Corcyram

358 2623 361 2633 ¹
394 2606 479 2691 ille
488 2632 508 2683 a
533 2588 731 2681 Callandro
745 2603 998 2682 Macedonum
1018 2633 1105 2707 rege
1130 2608 1307 2710 obsessam
1334 2613 1452 2691 libera

395 2736 515 2811 verat,
546 2720 641 2795 circa
665 2742 803 2809 annum
834 2743 863 2795 a.
881 2716 922 2796 C
946 2744 1035 2812 300.
1060 2720 1159 2800 V..C
1177 2750 1272 2823 454
1306 2724 1447 2827 Olymp

393 2833 576 2927 CXX‚1
562 2859 593 2912 1.
652 2830 762 2911 Vnde
780 2834 899 2911 redux
915 2834 1027 2916 satius
1046 2840 1156 2915 nouis
1180 2842 1299 2940 copiis
1324 2843 1450 2919 nauali.

391 2956 462 3033 bus
488 2947 620 3033 toallis
643 2949 778 3038 altero,
827 2947 933 3048 quod
955 2952 1148 3049 probabile
1174 2952 1234 3043 fit,
1271 2978 1394 3046 anno,
1427 2981 1448 3031 a

395 3068 436 3146 C.
460 3092 552 3163 299.
611 3060 756 3171 Italiam
781 3066 941 3153 traiecit,
978 3079 1015 3141 et
1031 3061 1255 3156 Crotonem,
1286 3094 1373 3147 cum
1389 3092 1449 3169 per

369 3196 372 3211 ·
392 3181 560 3262 fraudem
578 3201 598 3254 a
614 3178 815 3263 munienda
839 3179 929 3255 vrbe
947 3180 1089 3268 annuos
1107 3177 1332 3270 abduxiffet,
1353 3182 1444 3258 obse·

393 3296 458 3377 dit
516 3290 573 3392 Ad
591 3292 720 3367 vrbem
743 3291 1014 3379 defendendam
1039 3282 1316 3396 cumimparati
1337 3293 1448 3386 allent,

394 3406 630 3487 Crotoniatae
668 3403 817 3479 tandem
846 3407 964 3503 portis
1002 3410 1186 3509 recipiunt
1219 3409 1451 3509 Agathoclem

273 3569 275 3588 ι
395 3546 481 3601 cum
511 3520 645 3621 copiis:
687 3530 724 3595 at
750 3516 837 3593 illae
870 3520 1076 3627 irruptione
1107 3523 1197 3605 treta
1221 3526 1393 3605 caedibus
1415 3548 1452 3603 ac

394 3636 530 3737 rapinis
551 3634 731 3711 saeuiunt.¹
785 3628 965 3711 Praefidio
987 3638 1027 3711 in
1051 3659 1134 3718 arce
1163 3638 1291 3715 telino
1309 3640 1452 3739 Syracu·

397 3752 449 3843 sas
479 3751 625 3849 repetiit
656 3762 854 3847 tyrannus:
904 3747 1006 3829 Haec
1035 3748 1195 3843 Diodor.
1217 3750 1356 3855 ·Eclog.
1392 3756 1449 3833 lib.

184 3868 187 3875 ’
303 3892 306 3901 ·
395 3858 508 3953 XXI,
524 3890 572 3963 4,
598 3862 660 3935 vbi
677 3863 787 3945 runo
803 3866 849 3943 ad
868 3866 995 3943 vrbem
1012 3871 1177 3955 exercitu
1194 3866 1322 3945 nrifille
1336 3892 1451 3950 narra·

394 3995 456 4063 tut
485 3978 532 4061 ud
553 3976 777 4059 Menedemum
802 3979 1074 4060 Crotonioturton
1092 3993 1273 4085 tyranuum
1287 3982 1351 4086 sebi
1373 3988 1449 4063 uni

1315 4173 1319 4182 .
1387 4126 1450 4181 run

432 4264 496 4345 u)
505 4218 751 4421 &gramm
758 4276 800 4405 few
778 4280 818 4320 ων
835 4250 1003 4323 πλὴν
986 4280 1046 4323 πο
1061 4260 1116 4346 rna
1137 4262 1334 4349 δημοκρατίας
1353 4270 1448 4355 appel·
