3292 5134
867 259 877 306 l

896 661 904 680 b

388 587 468 682 ³36

315 733 342 846 ¹,
384 755 463 834 lem
483 767 521 832 et
536 757 718 830 rationem
731 742 912 838 tenuerit,
941 750 1006 824 vix
1020 721 1185 846 anquam
1206 766 1252 822 eo
1274 743 1451 821 deuenire
1485 727 1486 760 ³

383 872 544 974 poterit,
591 881 632 943 vt
659 865 725 942 fibi
749 861 937 964 probabili
967 864 1108 938 ratione
1139 861 1262 958 aliqua
1285 859 1449 938 constare

157 1050 158 1059 ,
382 998 507 1086 putet:
548 996 613 1058 aut
635 979 792 1058 Arcades
816 1001 867 1053 ex
882 990 964 1054 toto
988 977 1152 1054 humano
1182 997 1320 1073 genere
1354 974 1449 1050 solos

157 1198 158 1207 Ν
303 1123 311 1134 ’
383 1117 464 1175 rem
479 1111 564 1174 ante
579 1117 733 1174 omnem
746 1093 945 1170 bominum
954 1091 1170 1168 memoriam
1183 1088 1323 1170 fatiam,
1346 1113 1450 1164 ama·
1486 1139 1487 1142 a

383 1215 525 1289 loribus
542 1211 712 1287 traditam
728 1210 913 1307 accipere,
928 1219 1014 1281 “aut
1029 1229 1093 1280 eos
1111 1205 1269 1279 rationes
1287 1203 1450 1280 astrono

382 1330 497 1404 micas
519 1326 583 1402 ista
599 1326 770 1400 omnium
787 1343 912 1398 rerum
928 1320 1010 1396 rudi
1033 1329 1150 1394 aetate
1171 1316 1252 1392 latis
1268 1316 1449 1412 subtiliter
1486 1303 1487 1316 ¹

313 1458 322 1474 ·
382 1441 570 1516 instituere
584 1434 759 1536 potuille,
788 1458 830 1510 rt
846 1430 993 1515 Lunam
1007 1457 1086 1510 non
1102 1414 1243 1531 semper
1256 1433 1299 1506 in
1312 1429 1449 1508 Terrae

382 1554 554 1634 satellitio
579 1548 683 1628 soille
701 1549 974 1650 suspicarentur.

494 1771 639 1850 interea
662 1787 786 1848 umen
811 1774 940 1868 quaeri
962 1771 1099 1870 potest,
1128 1793 1215 1847 cuna
1234 1771 1449 1866 interpreta-

380 1889 526 1962 tionem
556 1875 659 1960 illam
687 1886 848 1960 nimium
884 1884 1054 1967 subtilem
1084 1907 1162 1960 non
1203 1884 1445 1972 admittimus,

157 2034 158 2037 ¹
274 2045 279 2050 ·
381 2023 581 2100 quamnam
598 1999 708 2074 aliam
726 1995 909 2074 rationem
928 1993 1145 2102 seniumque
1160 1993 1229 2074 elle
1250 1983 1441 2072 statuamus

378 2115 598 2192 narrationis
630 2114 731 2190 istius
757 2111 805 2188 de
829 2110 1048 2190 Arcadibus:
1092 2111 1182 2188 fitne
1214 2111 1443 2210 exploratum

377 2229 482 2316 satis,
506 2242 583 2304 tam
608 2227 717 2306 stulte
739 2225 787 2302 de
812 2223 849 2304 se
871 2223 1083 2304 existimalle
1111 2227 1219 2303 illum
1248 2225 1442 2324 populum,

196 2378 201 2387 ·
289 2367 297 2375 ’
377 2359 420 2422 vt
440 2345 625 2442 originem
649 2341 751 2418 suam
781 2337 928 2423 Lunam
951 2338 1167 2422 antecellille
1192 2354 1361 2440 putaret,
1402 2365 1447 2414 an

378 2459 449 2534 alia
465 2456 667 2555 probabilis
688 2458 783 2531 ratio
803 2455 925 2533 afferri
944 2454 1069 2554 ponit,
1096 2479 1171 2556 qua
1192 2455 1329 2530 ditium
1353 2453 1447 2530 illud

378 2565 607 2671 expediatur.
665 2567 722 2646 Ad
746 2568 871 2668 quod,
900 2569 1026 2669 liquis
1049 2573 1100 2645 ita
1124 2580 1293 2670 quaerat,
1307 2571 1446 2668 ‚primo

377 2685 427 2768 {ic
448 2683 771 2783 respondebimus.
802 2697 842 2758 vt
856 2705 1095 2773 moneamus,
1125 2707 1204 2760 non
1227 2699 1303 2760 tam
1327 2683 1371 2758 id
1388 2686 1445 2782 agi

376 2813 419 2876 vt
432 2798 558 2876 fabula
582 2796 887 2895 illaexplicetur3
925 2799 1046 2897 potest
1066 2801 1188 2886 enirn,
1218 2813 1258 2872 vt
1280 2807 1341 2876 tot
1361 2797 1446 2872 alia-

377 2937 594 2992 rumrerum
609 2935 658 2988 ex
670 2913 901 3014 antiquitate,
921 2935 1005 2988 vera
1021 2915 1115 2990 ratio
1131 2937 1172 2988 ae
1196 2935 1303 2988 verus
1320 2910 1445 2988 senius

227 3049 236 3071 ·
375 3027 608 3106 iamdudum
633 3030 684 3104 ita
703 3026 920 3106 obliteratus
944 3024 1032 3114 else,
1068 3042 1109 3102 vt
1123 3026 1249 3103 frustra
1274 3049 1381 3104 nunc
1408 3029 1448 3104 in

375 3168 463 3220 eum
476 3145 705 3241 inquiratur3
749 3145 877 3242 quaeri
903 3153 1046 3218 tanturn
1072 3142 1174 3228 hoc,‘
1190 3155 1231 3216 vt
1251 3140 1442 3230 doceatur,

331 3315 335 3320 -
374 3261 527 3333 inanem
569 3252 642 3330 elle
673 3257 776 3331 istam
813 3259 1174 3355 interpretationem,
1222 3279 1340 3356 quam
1373 3256 1438 3332 viri

373 3369 473 3448 dotti
498 3367 659 3444 fundum
682 3392 804 3446 nouae
833 3374 888 3446 rei
911 3369 1068 3447 faciunt.
1111 3393 1196 3448 cum
1225 3383 1351 3445 nmen
1378 3369 1443 3446 illa

373 3486 479 3560 omni
502 3484 729 3582 antiquitatis
748 3496 899 3564 naturae
925 3497 963 3560 et
983 3487 1098 3581 genio
1118 3489 1302 3584 repugnet
1320 3486 1448 3564 omni-

374 3618 449 3697 que
462 3596 537 3672 fide
553 3621 597 3673 ac
610 3597 868 3696 probabilitate
881 3597 1052 3675 destituta
1067 3597 1119 3675 iit
1178 3595 1300 3674 Potest
1315 3612 1446 3678 tamen

373 3724 560 3815 praeterea
581 3711 731 3802 doceri,
757 3715 881 3812 primo
899 3711 1060 3790 fabulam
1074 3712 1121 3789 de
1139 3710 1341 3789 Arcadibus
1358 3728 1446 3790 ante

372 3826 500 3904 lunam
519 3827 614 3900 natis
630 3840 707 3904 tam
724 3851 858 3926 parum
874 3827 1005 3905 diserte
1022 3845 1059 3902 et
1081 3827 1255 3926 explicite
1270 3828 1447 3906 traditam

371 3937 417 4015 ad
435 3963 505 4017 nos
519 3936 743 4041 perneniile,
788 3956 829 4017 vt
849 3941 942 4018 nibil
968 3955 1049 4018 tuto
1073 3939 1120 4016 de
1144 3963 1186 4018 ea
1206 3945 1446 4044 pronuntiari

370 4051 501 4154 pollit3
537 4053 620 4142 etii,
651 4054 757 4153 quod
777 4055 860 4132 sana
882 4058 1137 4156 interpretatio
1168 4055 1288 4131 facere
1317 4059 1440 4148 iubet.

369 4165 418 4243 ad
441 4181 609 4245 veterum
621 4167 819 4245 homiuum
842 4169 983 4244 sensum
1004 4185 1042 4245 et
1060 4171 1264 4248 [ermonem
1290 4174 1443 4270 exigam

369 4298 452 4361 tum
470 4305 560 4360 vero
583 4297 663 4362 tam
678 4281 828 4362 diueriis
851 4286 974 4364 modis
997 4286 1071 4363 iam
1087 4300 1246 4375 veteres,
1281 4287 1349 4383 qui
1366 4287 1443 4362 istis

754 4397 767 4410 “
1259 4402 1445 4478 aetatibus
