3292 5134
252 1030 567 1190 nonam
595 1067 890 1152 nonomine
919 1062 1217 1183 meretrice,
1253 1085 1275 1097 ··
1371 1116 1405 1156 ·.

332 1313 336 1316 -
407 1253 410 1257 ’
442 1255 783 1366 lttvsttttSSIMI
810 1254 1036 1342 COMITES,
1066 1255 1071 1265 ’

201 1371 444 1489 Avntronn's
487 1416 570 1484 svo
619 1379 810 1492 ersovn
846 1372 957 1479 Loco
993 1413 1051 1481 nr
1086 1410 1274 1485 nononis

235 1523 484 1608 preparans
509 1515 694 1604 manns
711 1523 868 1594 ‘GRADV
894 1517 1240 1620 Honoranssnn

206 1801 423 2039 Munus
439 1857 514 1935 hoc
529 1859 643 1938 vestra
660 1857 897 1950 aulioritate,
921 1859 1045 1938 Patres
1054 1849 1187 1957 ,fmihi
1210 1860 1280 1937 im,
1322 1946 1330 1965 „

264 2047 266 2055 .
349 1973 527 2072 positum,
566 1987 607 2051 vt
622 1984 831 2055 moerorem
848 1974 1010 2052 vestrum
1021 1997 1063 2052 ac
1080 1973 1220 2051 luiium
1238 1975 1281 2049 in

205 2085 440 2186 grauillinro‚
468 2091 619 2187 quinos
638 2089 816 2190 percolit,
841 2089 922 2165 caso
941 2089 1018 2176 his,-
1048 2089 1114 2186 qui
1138 2086 1283 2162 conflo-

205 2214 355 2290 xerunt,
377 2198 751 2302 CiuibuaAmicisque
766 2201 896 2281 nostris
912 2204 1140 2300 interpreter,
1162 2201 1282 2293 sentio
1340 2241 1344 2249 .
1390 2258 1394 2267 a

208 2315 361 2412 quidem
398 2339 509 2414 quarn
547 2315 794 2420 honorificum
835 2315 927 2392 milri
960 2314 1049 2408 fit?
1087 2333 1284 2415 nunquam
1398 2355 1402 2360 ·

200 2441 333 2504 tamen
357 2451 454 2508 onus
482 2451 545 2506 me
576 2429 695 2507 subire
736 2431 909 2524 memini,
966 2431 1027 2532 coi
1058 2427 1295 2528 perferendo
1336 2520 1340 2534 ‚
1391 2494 1395 2508 .

209 2544 335 2620 minus
351 2565 476 2642 parem
493 2568 553 2620 me
567 2543 747 2624 sentirem.
787 2543 873 2621 Siue
889 2546 988 2621 enim
1006 2543 1124 2644 ipsum
1141 2542 1284 2619 lullum
1426 2642 1429 2646 Ι

211 2657 397 2751 nollrum,
423 2655 499 2734 flue
526 2657 645 2734 luilus
663 2655 794 2736 caullas
816 2658 990 2749 attendo,
1027 2659 1153 2747 omnia
1176 2657 1286 2734 video

213 2772 352 2853 viribus
382 2771 473 2847 meis
501 2769 570 2848 elle
594 2774 740 2850 maiora.
812 2769 868 2848 Vt
891 2781 979 2850 veto
1004 2767 1091 2850 Eius
1109 2768 1213 2860 Viri,
1246 2773 1288 2845 in
1375 2812 1379 2818 ·
1441 2863 1449 2878 x

216 2887 321 2981 euius
337 2884 523 2962 honorem
538 2885 690 2963 solenne
704 2887 779 2964 hoc
796 2884 961 2962 officium
975 2885 1198 2983 susceptum,
1214 2909 1289 2962 ee-

212 2999 361 3075 lebritas
379 2999 471 3086 haee
503 3000 552 3075 est
575 2999 685 3092 satra,
729 3000 883 3078 nomine
911 3021 953 3077 ac
977 2995 1156 3075 memoria
1176 2999 1290 3098 digna
1436 3008 1441 3016 ’

216 3113 421 3212 proferam,
452 3113 491 3191 id
510 3131 598 3190 vero
615 3113 722 3212 plane
750 3115 914 3212 despero.
972 3111 1165 3191 Deficiunt
1191 3115 1292 3189 enim
1350 3207 1354 3213 ἱ

217 3251 278 3302 me
299 3251 340 3304 ea
358 3227 442 3327 ipsa,
474 3250 567 3328 quae
582 3227 670 3303 alias
686 3227 976 3305 imbecillitatem
998 3250 1120 3304 meant
1135 3225 1291 3317 firmare,

215 3344 383 3418 anim-um
400 3344 539 3440 erigere
559 3356 595 3418 et
611 3344 763 3444 incitare
781 3354 974 3442 poterant:
1005 3341 1082 3418 felli
1105 3341 1178 3418 diei
1201 3341 1296 3417 hila·
1409 3376 1414 3388 ¹

214 3459 323 3545 ritas,
378 3455 526 3552 publica
557 3455 714 3545 laetitia,
760 3458 1005 3556 inprimisque
1034 3453 1213 3556 respetlus
1229 3461 1231 3467 ’
1248 3453 1295 3531 ad

217 3594 327 3657 eum,
373 3569 419 3646 ad
444 3591 555 3668 quem
590 3569 740 3646 consilia
763 3572 883 3646 nostra
915 3585 952 3646 et
981 3570 1296 3670 inceptareferre

216 3683 449 3771 solebamus,
479 3706 591 3782 quem
614 3685 744 3760 nostris
766 3707 919 3784 quoque
947 3685 1115 3760 coetibus
1145 3696 1181 3761 et
1203 3706 1297 3760 con·
1393 3689 1399 3694 ’

216 3795 367 3880 seffibus
391 3797 576 3875 animojac
594 3811 718 3873 niente
741 3795 926 3886 interelle,
964 3819 1101 3898 eaque,
1140 3797 1296 3897 quaein

216 3914 264 3988 iis
291 3910 386 3987 tetre
409 3924 514 3987 erant
539 3911 635 4013 gesta
664 3925 699 3987 et
723 3924 865 4001 curata,
905 3913 1146 4012 comprobare
1172 3923 1209 3986 et
1233 3911 1297 3986 be·

217 4028 336 4124 nigne
359 4023 506 4101 laudare
535 4049 718 4102 notamus.
786 4023 835 4102 At
861 4049 962 4103 nunc
987 4025 1033 4101 ad
1057 4023 1296 4134 retardandos

219 4151 259 4216 et
279 4139 509 4218 hebetandos
525 4143 679 4240 quosuis
694 4140 807 4216 animi
824 4142 984 4240 impetus
999 4142 1126 4216 omnia
1148 4161 1298 4237 compa-

219 4267 302 4332 rata
329 4249 397 4331 effe
429 4254 580 4360 video„
625 4251 734 4332 Plura
765 4279 826 4332 me
859 4254 1109 4348 circumstant,
1161 4253 1298 4354 quibus

503 4397 508 4402 ·
1146 4381 1300 4447 contur-
