3292 5134
1244 468 1295 551 87

219 654 316 707 ‘cum
341 626 594 729 erinitumfidu'r
617 643 783 729 apparet,
815 633 922 711 cuius
947 654 1026 713 uon
1043 632 1143 709 oculi
1169 634 1298 709 animi·

223 768 301 846 que
326 744 375 820 ad
397 743 543 827 eaelum
566 743 731 821 conuerfr
752 744 856 821 lunt?
915 744 987 823 Sed
1003 744 1197 847 odfiduitu'te
1210 770 1292 845 qno·-

216 860 376 944 tidiuno,
407 872 447 936 vt
469 854 658 935 Ciceronis
679 860 799 936 verbis
826 872 989 949 vtamur,
1019 854 1056 937 'et
1070 858 1294 963 consuetudine
1420 920 1431 941 .

217 975 416 1054 oculorum,
458 975 648 1075 adsuefiuot
670 977 791 1055 animi,
834 998 930 1072 neque
957 973 1166 1053 admiruntur
1197 994 1295 1071 neque

191 1091 398 1203 requirunt
428 1092 570 1164 rationes
600 1112 710 1165 curum
733 1113 861 1173 reram,
909 1113 989 1186 quos
1009 1092 1137 1193 semper
1159 1090 1294 1190 vident3

190 1142 369 1303 lproinde
384 1205 473 1305 quast
461 1204 625 1277 rnorem
641 1227 700 1278 nos
723 1206 826 1297 magis
850 1226 947 1299 quum
967 1204 1159 1301 magenardo
1185 1230 1294 1281 rerum

188 1341 190 1389 s
216 1314 341 1391 debeat
353 1321 502 1393 excitare
562 1314 740 1414 Sapiens
729 1329 865 1415 itaque,
896 1340 973 1395 nou
992 1317 1056 1393 ille
1072 1342 1119 1395 ex
1142 1320 1291 1417 porticu

186 1421 188 1504 J
215 1452 296 1505 nec
321 1453 372 1505 ex
386 1428 508 1523 schola
531 1428 761 1517 formulario,
789 1430 848 1504 sed
868 1433 932 1527 qui
960 1430 1004 1505 ad
1021 1434 1112 1509 vitae
1134 1432 1236 1507 vium
1256 1444 1293 1509 et
1376 1417 1380 1429 ¹

216 1543 437 1645 felicitatem
456 1544 740 1619 transferendam
755 1533 820 1619 fibi
837 1541 904 1619 elle
921 1543 1193 1645 philosophiam
1208 1542 1293 1623 ceu-

217 1658 299 1746 fet,
320 1674 498 1757 ‘magnam
522 1656 577 1733 fui
600 1658 707 1733 studii
731 1673 871 1757 partem
897 1662 1059 1757 ponitin
1076 1684 1140 1746 e0,
1170 1674 1208 1735 vt
1223 1661 1291 1737 ob-
1357 1652 1361 1661 “

218 1777 282 1845 via
311 1795 482 1871 quaeque
511 1784 549 1847 et
573 1771 765 1869 vulgaria,
825 1795 918 1870 quae
950 1786 1033 1849 ante
1064 1775 1200 1873 pedes,
1252 1776 1293 1855 iu

219 1888 394 1963 omnium
418 1883 613 1983 conspeetu
634 1886 829 1985 oculisque
851 1885 982 1986 posita.
1020 1891 1189 1965 omnium
1216 1912 1294 1965 ma·

221 2001 336 2076 nibus
360 2001 444 2077 trita
476 1998 693 2097 tratiataque
714 2000 815 2088 sunt,
858 2003 1020 2077 exoutiat
1044 2016 1080 2077 et
1108 2002 1288 2103 exploret,

220 2136 396 2213 quaeque
433 2115 478 2189 iis
512 2110 589 2189 flue
621 2114 667 2189 ad
699 2115 793 2189 vitae
827 2114 1004 2191 miseriam
1036 2116 1287 2204 minuendam,

223 2227 299 2305 liue
329 2228 378 2305 ad
406 2228 588 2303 felicitatis
616 2224 787 2327 publicae
827 2229 1062 2329 priuataeque
1099 2231 1290 2305 materiem

227 2342 433 2438 augendam
454 2338 581 2427 inunt,
608 2341 787 2416 extundat
812 2354 849 2419 et
865 2340 1043 2441 exquirat.
1103 2336 1206 2417 Idem
1226 2341 1291 2419 ille
1314 2426 1329 2445 „

224 2456 384 2553 sapiens,
415 2454 506 2531 dum
520 2452 652 2531 fortem
669 2450 898 2554 aequabilem
920 2468 956 2529 et
970 2456 1008 2529 in
1025 2470 1192 2531 neutram
1209 2454 1289 2553 par·

222 2583 299 2645 tem
334 2570 567 2670 confpicuam
602 2570 779 2645 enuneuti
815 2582 853 2643 et
881 2568 1081 2645 inuidiofae
1118 2569 1288 2649 fortunae

220 2672 403 2762 anteferte
426 2706 503 2759 non
527 2682 690 2771 dubitat,
720 2707 803 2760 eum
822 2683 972 2761 demum
991 2686 1086 2759 vitae
1107 2683 1189 2759 fuae
1207 2682 1289 2762 cur·
1390 2700 1392 2709 '

212 2798 301 2875 ‘sum
321 2798 525 2878 fecundum
541 2797 678 2875 iudicet
698 2794 838 2873 necelle
862 2797 931 2883 est,
971 2820 1083 2895 quem
1112 2800 1207 2873 inter
1232 2821 1291 2875 res

222 2913 370 2989 modice
385 2911 575 3012 prosperas
597 2914 722 2987 animo
739 2908 859 3011 ae‘quo
889 2922 925 2985 et
943 2908 1143 3005 tranquillo
1169 2909 1290 2987 nulla·

222 3050 297 3124 que
315 3029 516 3103 fortunae
506 3051 546 3101 rn
568 3026 778 3124 alterutram
793 3038 937 3124 partem
955 3010 1193 3103 vicillrtudiue
1211 3020 1288 3101 tur'

217 3143 307 3221 bato
333 3142 506 3274 exegerit.
746 3159 749 3164 “

333 3361 484 3439 Scilicet
498 3327 713 3439 mortalibus
735 3327 762 3435 li
785 3380 857 3458 qua
885 3360 958 3435 vita
984 3346 1089 3437 beata
1119 3362 1287 3459 contigit,

222 3500 264 3554 ea
281 3473 354 3552 elle
374 3476 569 3555 iudicanda
586 3476 653 3565 est,
685 3496 795 3581 quam
818 3490 859 3578 ‘te
879 3470 1088 3550 viuerevir'r'
1102 3466 1290 3565 sentiebam
1424 3522 1432 3529 „

220 3587 350 3667 vixilfe
372 3590 594 3678 recordarim
625 3604 798 3686 tanquam
820 3590 1025 3677 somnium,
1054 3589 1289 3689 quodmodo

224 3704 377 3781 effluxit
451 3702 550 3779 Nam
582 3705 648 3802 qui
675 3699 754 3778 eaoi
776 3701 959 3779 felicitatis
991 3705 1195 3782 mensuram
1222 3700 1290 3781 else

225 3818 331 3908 velit,
373 3829 413 3891 vt
438 3814 580 3894 nullam
607 3816 725 3903 diem,
766 3816 919 3899 nullam,
937 3817 1086 3908 horam,
1137 3817 1292 3894 feliciter
1396 3806 1400 3811 ’
1440 3872 1444 3887 .

221 3928 382 4030 exegille
408 3932 619 4019 arbitretur,
661 3928 728 4005 nifi
758 3954 844 4011 cum
866 3932 963 4030 apud
994 3932 1028 4009 le
1057 3932 1211 4009 diceret:
1256 3943 1293 4009 at

221 4048 377 4122 beatum
393 4042 473 4119 me!
502 4068 577 4119 nae
584 4070 625 4124 rs
650 4068 829 4133 veremur,
850 4060 889 4123 vt
907 4069 1079 4145 magnam
1102 4044 1193 4119 vitae
1211 4043 1294 4123 luae
1357 4122 1365 4129 ,
1450 4130 1451 4137 Ν

216 4172 368 4261 partem
385 4182 472 4237 cum
484 4156 658 4237 felicitate
672 4159 908 4240 coniunctam
921 4155 1023 4239 suille
1039 4158 1159 4233 dicere
1175 4158 1291 4258 polit

727 4272 757 4351 F
789 4302 816 4371 4
1092 4266 1294 4389 Redeunti-
