3292 5134
381 549 460 626 ³04
768 491 1052 566 ΕΞ

377 696 415 774 e't
430 696 636 772 futurarum
653 706 776 772 rerum
801 689 968 789 prouidi,
997 689 1224 788 religionum
1249 715 1292 769 ac
1306 693 1445 772 rituum
1486 761 1487 776 i

378 803 554 899 consulti,
580 809 741 907 ideoque
767 817 805 880 et
823 805 1054 881 occultatum
1077 803 1297 894 caullarnm,
1329 831 1444 882 reme-

377 925 619 1022 diorumque,
644 922 780 1020 quibus
794 921 934 997 morbis
951 918 1094 996 medela
1108 918 1168 1009 fit,
1194 921 1441 1020 intelligentes

366 1041 560 1140 ‘peritique
586 1037 703 1113 hahiti
728 1033 821 1116 sunt
858 1081 863 1086 -
920 1151 926 1161 ,
987 1067 1005 1180 Ἱ-

492 1257 596 1336 Artes
618 1253 767 1332 metalla
795 1251 971 1328 tradendi
1004 1267 1042 1330 et
1070 1279 1119 1331 ex
1142 1258 1185 1332 iis
1211 1277 1328 1354 opera·
1354 1280 1446 1332 eon-

377 1374 511 1462 flandi,
541 1369 707 1468 fingendi
728 1367 795 1462 vel
804 1367 1006 1467 sculpendi,
1024 1371 1064 1442 in
1080 1383 1230 1467 promtu
1244 1371 1315 1445 fuit
1332 1374 1446 1447 veteri

380 1488 554 1566 Graeciae
577 1484 624 1560 ad
658 1483 845 1560 Vulcanum
861 1482 1015 1568 referre,
1047 1487 1187 1584 quippe
1212 1509 1326 1584 quem
1349 1489 1446 1583 ignis

375 1601 586 1704 symbolum
604 1611 802 1697 acceperat,
829 1597 938 1674 etium
957 1599 1046 1685 eius
1076 1601 1142 1695 qui
1157 1623 1222 1698 per
1238 1591 1447 1676 uniuersum
1488 1638 1489 1654 κ

377 1717 452 1794 hoe
469 1739 556 1791 eum
571 1737 652 1789 aere
674 1729 712 1786 et
731 1711 880 1786 ‘aethere
904 1710 1039 1798 fertur,
1074 1715 1198 1812 etqui
1220 1737 1287 1811 per
1308 1714 1447 1791 subter-

289 1850 304 1870 ··
379 1851 487 1904 ranea
511 1829 596 1902 loca
626 1825 778 1901 diffirsus
804 1823 992 1899 interdum
1023 1849 1090 1923 per
1124 1827 1287 1902 hiantem
1310 1842 1445 1904 terram

376 1942 519 2019 incluso
540 1941 673 2039 spiritu
688 1925 905 2036 erumpente
930 1941 1121 2015 montium
1133 1935 1266 2015 Lemni
1286 1941 1445 2018 Siciliae·

253 2038 257 2047 ³
307 2074 315 2088 ‘
377 2073 452 2156 que
479 2055 654 2131 incendia
677 2051 796 2128 facere
814 2050 909 2126 visus
932 2063 1017 2126 erat
1055 2051 1123 2130 ·In
1143 2055 1218 2132 hoc
1239 2078 1329 2131 vero
1350 2039 1445 2132 illud

379 2163 668 2256 obseruandum,
712 2165 837 2266 quod,
876 2169 1011 2246 artium
1039 2167 1159 2244 adhuc
1177 2193 1293 2267 paruo
1321 2185 1358 2245 et
1379 2171 1446 2246 ob-

378 2287 485 2362 lcuro
505 2284 733 2370 discrimine,
765 2281 866 2356 idern
889 2276 1224 2371 Vulcanus'arma,
1256 2285 1447 2361 thoracem

301 2431 304 2434 ’
378 2417 417 2476 et
441 2400 614 2505 clypeos,
634 2420 638 2428 ¹
659 2395 841 2493 fimulque
866 2394 1002 2470 affabre
1029 2395 1141 2472 fadus
1165 2397 1329 2496 tripodes
1361 2424 1449 2476 cunr

349 2511 488 2610 'lignis
507 2511 717 2610 puellarum
741 2511 881 2596 aureis,
908 2509 1082 2608 idemque
1109 2509 1259 2601 fibulas,
1286 2514 1449 2590 armillas
1490 2585 1491 2592 Ν

378 2627 522 2725 aliaque
543 2635 760 2700 ornamenta
784 2622 959 2722 procudit
980 2637 1017 2698 et
1037 2625 1235 2702 fabricatur
1269 2625 1327 2722 (v.
1339 2627 1387 2704 It
1405 2648 1447 2709 Σ.

383 2899 389 2908 -
491 2847 682 2922 Minervam
703 2843 882 2920 nondum
902 2845 1213 2939 memorauimus3
1258 2869 1339 2924 eam
1364 2850 1451 2948 qui-

376 2961 467 3038 dem
482 2963 530 3038 ab
554 2957 664 3036 initio
686 2962 859 3034 virtutem
884 2958 1074 3044 bellicam,
1114 2982 1207 3058 quae
1224 2983 1311 3038 eum
1330 2963 1451 3039 conli-

234 3151 238 3156 .
378 3076 451 3164 lio,
487 3089 565 3152 arte
588 3089 626 3150 et
644 3071 1010 3152 scientia'coniuutla
1041 3073 1108 3147 est.
1144 3073 1360 3172 defignalle‚
1401 3099 1449 3152 ex

377 3187 548 3266 Homero
566 3189 648 3264 latis
671 3191 829 3264 obuium
856 3189 926 3276 est,
961 3191 1026 3286 qui
1050 3187 1209 3263 Martem
1231 3189 1308 3264 lere
1330 3215 1448 3290 appo·

376 3325 465 3378 nere
492 3300 604 3392 solet,
652 3305 837 3378 temerarii
863 3303 1022 3399 impetus
1044 3305 1217 3401 oeecique
1253 3307 1451 3403 pugnandi

376 3416 537 3504 ardoris,
577 3432 692 3514 quern
713 3417 801 3493 valli
823 3417 992 3515 corporis
1019 3418 1113 3492 vires
1135 3407 1295 3506 faciunt,
1334 3422 1454 3496 inter-

375 3544 659 3630 pretamentum.
716 3527 774 3605 nd
791 3527 1002 3605 Minervam
1020 3546 1161 3608 mature
1176 3529 1330 3608 Graecia
1344 3557 1455 3610 man-

376 3643 493 3720 suetas
518 3645 645 3720 retulit
667 3660 765 3720 artes
777 3646 899 3742 pacis,
928 3646 1097 3744 inprimis
1120 3646 1296 3721 femineas
1320 3661 1456 3723 texen-

378 3758 437 3848 di,
474 3758 608 3846 nendi,
642 3759 814 3858 tingendi
828 3781 971 3858 acuque
996 3762 1195 3858 pingendi3
1233 3761 1362 3836 nullae
1389 3787 1455 3838 au-

255 3886 263 3894 “
375 3884 455 3950 tem
468 3886 563 3950 artes
579 3869 682 3962 aliae,
712 3897 826 3974 quam
840 3875 1071 3962 feminarum,
1101 3873 1258 3950 heroum
1277 3886 1454 3976 tempore

1254 3991 1450 4088 vigebant,

487 4177 595 4261 paullo
618 4178 686 4260 post
707 4190 861 4256 v.37.38.
889 4177 1014 4253 Musae,
1040 4174 1181 4261 Elper'irou
1200 4175 1240 4238 τά
1260 4177 1387 4244 r'do'm
1409 4179 1452 4242 rol

369 4272 374 4277 “
488 4260 892 4344 τ’ἐσσόμενατρότ’ἑόντα.
937 4265 987 4324 An
1012 4263 1102 4326 aliter
1127 4265 1166 4325 dc
1187 4262 1358 4328 Calchante
1380 4263 1454 4328 Ho-

483 4345 747 4492 gannitum
769 4346 837 4424 70?
883 4345 944 4410 Sed
965 4347 1004 4410 de
1026 4348 1075 4410 his
1096 4350 1224 4431 egregie
1246 4347 1308 4410 iam
1331 4347 1450 4412 Strabo
