3292 5134
201 711 378 790 rldhahc
394 695 504 816 ipsam
524 711 900 812 mentis'praeclaram
916 699 1090 794 virtutem
1104 713 1276 793 acceilrlse
1294 774 1308 810 ‹-

202 831 366 926 cogitate
393 819 569 926 magnum
605 830 717 902 animi
750 827 962 923 confilium,
1004 830 1214 929 generosam
1241 841 1279 907 et
1358 922 1362 927 Ι
1457 887 1462 897 ,

201 941 385 1019 excelsam
417 941 602 1029 indolem,
649 939 824 1039 pulchrae
858 943 974 1019 laudis
984 943 1185 1054 ,studium3
1229 945 1302 1022 irc·

201 1055 433 1154 intelligitis,
479 1056 672 1154 quomodo
702 1054 779 1130 fieri
804 1059 985 1154 potuerit,
1024 1066 1069 1132 vt
1095 1057 1210 1158 copiis
1242 1070 1282 1134 et
1407 1097 1412 1117 ν

203 1171 430 1246 adiumentis
470 1159 672 1248 necellariis
711 1185 780 1244 nos
814 1193 943 1246 omnes
982 1172 1192 1260 instrueret,
1237 1175 1279 1249 in
1343 1174 1344 1177 ‘

205 1307 343 1384 easque
381 1308 438 1359 res
476 1282 614 1359 sumtus
647 1284 781 1360 faceret
816 1307 858 1358 ea
897 1308 984 1362 cum
1004 1285 1278 1379 munificentia,

206 1423 340 1499 quam,
371 1410 417 1472 vt
428 1422 446 1472 a
466 1394 592 1507 Rege,
621 1407 656 1472 et
673 1421 692 1472 a
712 1411 808 1482 tanta
827 1413 950 1475 mente
944 1401 1175 1498 profetiam,
1195 1425 1279 1477 vere

206 1515 346 1611 regiain
376 1512 616 1610 appellaretis.
692 1510 809 1588 Nec
798 1535 838 1586 1n
863 1492 1008 1588 libraria
1028 1515 1163 1605 modo,
1205 1539 1281 1593 mo-

208 1628 405 1712 thematica
434 1624 650 1725 reliquaque
675 1624 891 1702 eruditionis
913 1618 1135 1725 supellectile
1155 1611 1312 1722 subiti«>
1346 1629 1355 1705 ,“
1471 1610 1473 1619 ’

208 1737 344 1816 titViri
364 1740 580 1814 immortalis
601 1739 807 1816 liberalitas.
868 1736 984 1817 Etiam
1003 1730 1186 1818 dodrinae
1203 1742 1281 1818 col·
1360 1753 1364 1759 ’

209 1854 380 1952 ligendae
403 1868 439 1928 et
455 1839 739 1950 amplificandae
752 1851 868 1930 caulla
892 1857 1020 1932 itinera
1047 1879 1068 1930 a
1090 1842 1282 1932 nonnullis
1364 1929 1378 1954 ,,

210 1993 276 2068 per
295 1963 481 2065 Europam
498 1966 626 2066 suscipi
644 1966 781 2061 voluit;
813 1969 990 2066 iis‚'qui‚
1020 1970 1060 2044 in
1082 1968 1191 2046 dotlo
1218 1969 1283 2045 ali-

213 2105 291 2180 quo
320 2104 432 2180 opere
463 2079 718 2168 elaborabant,
762 2079 1049 2156 elucubrationis
1073 2083 1306 2160 adiumenta.

213 2210 251 2269 et
274 2197 396 2294 copias
428 2192 638 2280 litterariae,
694 2191 885 2268 interdum
924 2218 1022 2268 mera
1055 2210 1281 2283 ornamenta,

212 2333 349 2407 magna
379 2333 465 2384 eunt
495 2330 582 2383 cura
619 2320 655 2381 et
692 2305 958 2395 sollicitudine,
1011 2304 1284 2407 nonnunquam
1381 2334 1386 2338 ·

212 2425 383 2522 pluribus
399 2417 567 2516 litteris
547 2447 586 2496 1n
602 2419 828 2522 longinquas
850 2435 962 2498 terras
997 2420 1107 2512 datis,
1143 2424 1286 2522 parauit
1305 2481 1311 2488 .

214 2553 251 2612 et
273 2535 566 2629 subminillrauit.
651 2611 657 2643 ;
711 2635 714 2643 ,

330 2760 385 2839 Vt
401 2772 505 2840 vero
520 2761 582 2840 iila
601 2765 725 2840 onmia
746 2774 850 2842 tanto
875 2763 1051 2840 maiorem
1069 2762 1113 2840 ad
1131 2764 1284 2854 animos,
1319 2745 1328 2753 ⁸

217 2879 385 2980 inprimis
410 2877 680 2978 generosiores,
702 2881 787 2954 vim
800 2877 996 2968 haberent,
1032 2872 1144 2954 Viri
1134 2901 1289 2955 immor
1370 2916 1377 2929 =
1416 2870 1419 2885 '

216 2995 296 3070 talis
333 2991 490 3069 lumma
512 2991 769 3080 humanitate,
828 2991 1001 3068 facilitate
1038 3005 1075 3067 et
1114 2995 1288 3069 comitate

215 3083 435 3205 iadunit
367 3120 454 3206 puta
456 3120 523 3198 te,
545 3130 618 3204 qua
640 3107 699 3180 vel
718 3129 787 3182 vna
802 3108 936 3182 virtute
952 3105 998 3182 ad
1016 3129 1128 3187 omne
1154 3116 1305 3197 aeuum,
1373 3121 1388 3128 “

215 3221 422 3300 consecrata
445 3215 514 3296 elle
545 3217 661 3295 debet*
682 3211 994 3298 Mvucunvsrnur
1024 3220 1187 3296 nominis
1213 3237 1295 3296 ηἰε·Ι

215 3338 345 3413 moria.
406 3331 503 3410 Cum
518 3333 563 3409 ad
591 3333 839 3410 eruditionem
862 3332 1079 3410 humaniore
1101 3332 1205 3410 cultu
1226 3355 1308 3409 etr·¹

216 3448 453 3553 polimitam,
484 3447 530 3532 ad
548 3437 754 3548 squalorem
770 3461 807 3526 et
828 3447 1026 3546 paedorem
1044 3448 1217 3525 obscurae
1237 3447 1293 3524 dt·
1363 3461 1372 3481 ·

216 3561 395 3664 ligentiac
426 3563 727 3662 abstergendum,
774 3565 935 3661 vanique
965 3561 1072 3642 fastus
1103 3555 1323 3639 stultitiam?

215 3676 484 3764 coercendam,
516 3678 562 3753 ad
577 3679 719 3752 animos
742 3676 938 3752 doliorum
960 3677 1133 3752 virorum·
1151 3679 1294 3774 erigen-

217 3795 308 3880 dos,
340 3791 516 3869 libertatis
538 3803 574 3866 et
595 3789 790 3865 honestatis
806 3787 909 3864 sensu
931 3787 1147 3888 bonaequae
1172 3787 1292 3866 laudis
1373 3802 1377 3808 ’

214 3907 341 3994 studio
364 3903 541 4003 suaequae
559 3905 700 3980 virtutis
724 3901 856 3978 fiducia
880 3900 1031 3980 honesta
1058 3901 1292 3992 imbuendos,

219 4021 298 4098 hoc
313 4017 481 4124 inprimis
508 4015 627 4094 valere
641 4015 912 4115 intelligeret,
924 4011 951 4091 fi
977 4015 1170 4093 doliorum
1196 4018 1300 4101 viro,

221 4160 307 4211 rum
328 4133 461 4210 cohors
488 4155 505 4206 a
526 4149 612 4208 vrns
634 4134 673 4207 in
707 4153 842 4228 magna
863 4130 1029 4230 generis,
1064 4129 1175 4208 loci
1163 4142 1294 4205 mune

221 4268 402 4348 rumque,
443 4247 627 4353 dignitate
646 4246 838 4367 collocatis
868 4240 1084 4343 dignatione
1110 4245 1232 4344 aliqua
1256 4257 1295 4322 et

747 4399 754 4406 ·
1150 4356 1295 4436 honore
