3292 5134
576 478 878 537 Ξ
1186 492 1270 597 m

181 680 360 775 quinque
378 694 501 750 annos
527 673 724 749 abeodem
740 658 820 750 non
842 659 1042 773 repetenda
1063 672 1269 765 tolleretur,

181 792 328 879 innuit,
352 814 435 863 rem
452 788 488 863 se
503 809 653 885 paruam
671 789 875 865 concedere
896 792 1110 882 arbitratus;
1141 812 1272 865 verum

181 929 217 981 eo
245 904 445 1003 exemplo
472 902 552 977 aliis
578 903 659 1002 post
684 903 752 977 alia
781 906 930 979 mutatis
960 917 1038 979 tota
1061 904 1149 1002 reip.
1176 906 1270 979 ratio

181 1044 208 1094 tt
226 1020 461 1115 constitutio
482 1039 573 1092 mox
596 1018 646 1092 est
662 1016 849 1117 solutas).
911 1014 1086 1093 Ceterum
1102 1020 1143 1093 in
1166 1014 1273 1095 Thu-

181 1137 325 1208 :iorum
359 1156 436 1229 rep.
465 1131 599 1229 populi
623 1135 680 1205 ios¹
703 1146 741 1206 ct
769 1146 889 1232 partes
912 1129 1015 1209 fuiffe
1047 1154 1095 1207 ex
1120 1156 1165 1209 eo
1190 1130 1271 1231 ipso

181 1246 396 1322 Aristotelis
421 1245 509 1321 loco
525 1244 767 1342 intelligitnr3
804 1269 892 1323 nam
910 1247 1089 1347 luffragiis
1113 1246 1178 1322 ille
1196 1246 1277 1322 suin

181 1362 425 1459 magistratus
447 1353 600 1447 crealle‘,
629 1359 804 1436 militares
833 1364 942 1435 etiam
961 1361 1081 1459 leges,
1108 1360 1169 1437 vel
1194 1383 1270 1435 ma-

181 1476 340 1573 gistratu
358 1476 560 1560 renitente,
592 1472 779 1571 abrogalse
796 1491 971 1550 narratur.
1032 1474 1158 1552 Potuit
1173 1475 1268 1551 adeo

181 1592 293 1664 etiam
314 1593 361 1662 in
380 1586 600 1662 Charondae
624 1586 791 1685 legibus,
818 1603 1000 1687 quatenus
1023 1589 1108 1665 illae
1127 1614 1147 1664 a
1163 1586 1271 1665 Thu-

181 1704 244 1777 riis
269 1704 473 1801 adoptatae
502 1701 671 1789 fuerunt,
711 1700 912 1780 caullarum
937 1704 981 1780 ad
1006 1704 1191 1805 populum
1211 1728 1268 1781 re·

183 1815 346 1894 latarum
374 1816 469 1891 recle
485 1817 628 1891 mentio
652 1814 810 1916 herig).

297 2044 443 2122 Priscae
472 2046 619 2144 Sybaris
653 2048 777 2123 nullae
804 2049 908 2148 leges
942 2051 1141 2125 memoriae
1164 2070 1267 2123 marr-

189 2158 292 2234 datae
309 2160 410 2249 sunt,
441 2159 509 2235 nifi
525 2184 674 2260 paucae,
702 2184 797 2260 quae
814 2163 1001 2239 luxuriam
1016 2176 1052 2237 et
1068 2160 1267 2241 mollitiem

191 2271 390 2349 hominum
406 2298 559 2372 arguere
568 2273 744 2373 poliunt3
770 2277 1062 2373 neque-omnino
1078 2273 1158 2348 latis
1174 2296 1266 2349 con-

194 2385 278 2475 stat,
315 2410 397 2488 quo
424 2388 553 2487 legum
579 2388 785 2470 codicevfi
810 2388 1006 2483 fint31nifi
1037 2388 1138 2488 quod
1167 2386 1267 2488 apud

196 2493 396 2599 Scymnum
417 2500 555 2579 Chium
575 2528 608 2577 v.
626 2516 700 2601 345
714 2502 764 2602 sq.
784 2502 931 2603 legibus
948 2501 1102 2583 Zaleuci
1117 2501 1166 2578 vsi
1183 2525 1266 2579 nar-

197 2630 337 2693 rantur:
379 2618 517 2717 quibus
546 2616 678 2724 aelidis
705 2626 745 2693 in
761 2619 949 2695 luxuriem
976 2632 1014 2695 et
1039 2620 1272 2718 proteruiamr

197 2727 410 2830 praecipites
428 2723 631 2826 se'dederc3
665 2732 728 2808 etsr
744 2732 803 2809 vel
821 2732 874 2811 fic
888 2732 1022 2833 allequi
1046 2732 1146 2808 haud
1164 2731 1264 2820 licet,

196 2845 389 2939 quomodo
405 2870 424 2921 a
439 2845 586 2944 legibus
603 2863 679 2924 tam
690 2847 825 2932 seueris
839 2850 883 2925 ad
894 2861 969 2923 tam
985 2846 1124 2921 solutos
1141 2856 1264 2919 mores

199 2960 395 3052 procedere
413 2964 632 3059 potuerint.
718 2960 826 3053 Quae
857 2975 981 3036 tamen
1014 2958 1267 3057 Sybaritarum

197 3067 294 3169 leges
318 3074 522 3161 habentur,
562 3074 648 3174 lunt
670 3074 745 3148 fere
768 3075 874 3149 hae:-
899 3076 1044 3151 Scitum
1067 3071 1175 3147 abiis
1201 3082 1265 3145 aut
1292 3102 1309 3129 ·-
1341 3114 1375 3145 .-
1444 3102 1449 3110 ¹

199 3191 316 3282 potius
336 3189 540 3264 institutum
557 3187 626 3265 elle
641 3201 807 3285 narratur
820 3186 918 3287 apud
927 3184 1156 3264 Athenaeum
1165 3180 1263 3282 (XII

198 3321 228 3395 p.
246 3325 318 3394 521
342 3299 383 3377 C.
413 3326 461 3378 ex
492 3301 700 3403 Phylarcho
720 3300 908 3381 Historiae.
926 3294 1080 3394 XXV.)
1105 3314 1142 3375 vt
1165 3304 1262 3377 etium
1341 3343 1344 3353 2

196 3414 348 3510 foeminas
371 3417 420 3492 ad
437 3415 596 3521 sollennes
620 3415 731 3515 epulor
757 3444 875 3495 vocure
903 3416 1008 3496 licerer
1031 3410 1094 3516 h),
1125 3428 1166 3491 vt
1187 3414 1264 3492 adi-

203 3545 272 3606 rent
296 3531 392 3607 aden
414 3534 626 3607 communia
651 3557 735 3608 cum
756 3536 842 3610 ¹airis
866 3534 1042 3616 conuiuia
1061 3542 1262 3621 matronae,

206 3660 283 3739 quae
298 3666 357 3723 'ex
379 3643 608 3723 Graecorum
632 3671 735 3725 ruore
752 3648 813 3723 lua
837 3648 933 3726 [acra
955 3645 1111 3747 suasque
1135 3642 1262 3745 epulas
1329 3682 1332 3689 ν

673 3771 675 3776 “
697 3760 782 3857 143
1070 3828 1071 3833 a
1101 3759 1265 3839 seorsum

231 3951 271 4035 f)
292 3915 377 4017 lbid.x
397 3971 428 4033 p.
436 3933 510 4027 5¹30.
528 3950 567 4016 D.
578 3950 617 4016 E.
642 3984 685 3999 --
723 3947 801 4011 dud
820 3952 993 4031 μετέβαλεν
1019 3950 1038 4032 ἠ
1067 3948 1152 4021 τάξις
1177 3945 1261 4009 παῖσα
1301 3946 1325 4033 Ἰ

228 4046 234 4051 “
302 4036 530 4207 :fictarum
550 4037 594 4104 εἰς
620 4034 796 4097 δυναστείαν
822 4036 882 4097 nh
911 4033 1165 4119 ἐπιχειρησάντων
1191 4051 1262 4093 νεω-

230 4231 272 4314 g)
291 4143 408 4295 Cohtra
427 4251 518 4315 qnam
539 4201 703 4300 Bentleinc¹
721 4232 930 4299 contendebat
948 4232 1061 4315 p.367.
1079 4236 1124 4299 8?

234 4339 270 4423 h)
289 4338 439 4411 Γνναΐκας
458 4344 502 4414 εἰς
519 4339 577 4411 τοῖς
599 4337 704 4425 lopraie
724 4347 841 4405 καλεῖν.
1103 4366 1107 4371 ·
