3292 5134
440 532 519 615 3¹3
812 503 1109 580 «ω

436 714 573 780 certam
588 697 686 782 sore,
716 708 757 772 vt
779 692 1006 793 disciplinam
1025 692 1230 793 publicam,
1257 699 1405 796 egregie
1427 721 1493 796 per

332 829 338 886 τ
434 817 688 903 huncannum
708 808 887 886 firmatam
902 820 940 881 et
959 803 1159 896 munitam,
1199 815 1301 886 omni
1322 810 1492 908 seuerita-

437 934 483 1008 tis
505 927 768 1027 perseuerantia
798 924 1048 999 continuatam
1071 935 1109 996 et
1136 923 1326 1000 stabilitam
1358 925 1492 1002 habea-

430 1067 524 1121 mus
560 1039 841 1138 Prosequimur
830 1051 968 1112 interea
988 1038 1093 1112 bonis
1115 1040 1208 1112 votis
1226 1041 1488 1138 ominibusque

429 1157 585 1265 auspicia
600 1152 846 1251 magistratus,
875 1151 935 1225 cui
953 1151 1122 1234 crastinus
1138 1151 1216 1228 dies
1230 1151 1385 1228 aditialis
1402 1177 1490 1230 con-

427 1262 573 1348 stitutus
604 1269 703 1355 est,
699 1267 830 1363 isque
863 1263 955 1340 adeo
984 1261 1292 1364 auspicatiffimus,
1333 1289 1422 1344 cum
1458 1273 1485 1346 is

428 1386 631 1506 academiae
657 1377 795 1459 natales
815 1377 932 1453 fausto
948 1376 1064 1459 sidere
1087 1391 1189 1454 ortos
1211 1378 1351 1460 reserat

514 1616 611 1696 Cum
627 1630 750 1694 autem
764 1618 927 1709 muneris
944 1619 1036 1694 ratio
1054 1617 1162 1695 nobis
1179 1618 1383 1694 iniunxerit
1399 1617 1481 1704 boc,

362 1740 365 1745 '
423 1748 465 1811 vt
495 1734 592 1808 sestis
614 1731 841 1808 sollennibus
869 1731 1109 1830 proludamus
1143 1731 1337 1834 scriptione
1360 1721 1482 1831 aliqua

317 1841 326 1865 ‘
410 1847 573 1948 publice
588 1846 722 1921 calvos
745 1843 906 1932 edenda,
935 1841 1064 1932 Ciues,
1092 1857 1128 1920 et
1148 1845 1411 1944 proponenda3
1455 1847 1478 1922 fi

421 1960 516 2036 forte
531 1958 618 2047 lint,
658 1961 724 2056 qui
747 1959 793 2034 ad
816 1979 858 2034 ea
875 1957 1033 2056 legenda
1055 1963 1220 2037 animum
1245 1975 1474 2048 conuertunt,

402 2073 516 2150 ‘vnde
535 2073 629 2149 nihil
644 2075 684 2148 in
704 2095 843 2171 penum
866 2095 909 2147 ac
933 2071 1063 2148 cellam
1078 2073 1227 2172 sperari,
1252 2071 1312 2148 sed
1332 2075 1474 2170 ingenii

404 2200 558 2265 tantum
576 2201 835 2264 ornamentum
858 2184 1113 2286 dosirinaeque
1135 2185 1256 2262 aurius
1282 2186 1475 2286 exspetlari

416 2303 553 2404 potest3
595 2300 688 2376 nibil
712 2302 922 2398 putauimus
954 2324 1039 2376 cum
1060 2300 1211 2378 confilio
1226 2346 1229 2354 ι
1246 2300 1374 2376 nostro
1407 2299 1473 2377 elie

414 2412 679 2505 coniunctium
694 2437 807 2511 quarn
832 2429 872 2488 vt
893 2436 941 2512 ιιι
965 2413 1114 2512 iis'ipfis
1139 2413 1254 2510 copiis
1275 2413 1471 2504 litterariis,

412 2528 547 2626 quibus
563 2551 629 2625 per
647 2513 718 2602 bos
741 2526 837 2625 ipsos
855 2527 933 2602 dies
955 2527 1112 2625 Augusta
1133 2525 1387 2604 munificentia
1406 2553 1473 2605 nos

410 2641 599 2727 instruxit,
645 2637 889 2737 deligeremus
920 2642 1104 2718 cimelium
1133 2641 1286 2739 aliquod
1316 2639 1471 2742 infigne.

408 2750 513 2831 cuius
529 2759 748 2852 argumento
765 2753 933 2853 exposito
950 2771 987 2830 et
1000 2759 1235 2854 interpretato
1256 2753 1393 2832 utilitas
1411 2759 1472 2834 ali-

390 2892 479 2969 ·qua
495 2868 543 2944 ad
566 2891 634 2944 vos
653 2880 689 2942 et
714 2865 883 2946 scientiae
905 2871 1173 2952 incrementum
1196 2865 1315 2964 redire
1342 2869 1467 3051 pollet

512 3089 600 3171 Esto
618 3102 742 3165 autem
760 3027 947 3167 cimelium
965 3083 1058 3164 illud
1072 3107 1119 3160 ex
1134 3083 1224 3173 aliis,
1246 3113 1343 3187 quae
1364 3113 1464 3167 nunc

399 3226 689 3282 commemorare
705 3226 785 3280 non
799 3204 921 3290 vacat,
916 3172 1077 3280 codex
1073 3197 1379 3280 membranaceus
1394 3230 1465 3282 ma-

397 3319 520 3399 ximae
537 3318 699 3406 formae,
731 3318 831 3417 qui
822 3315 1026 3393 uniuersum
1052 3311 1113 3389 lus
1139 3316 1251 3390 ciuile
1274 3341 1350 3392 vna
1375 3343 1460 3396 cum

385 3427 609 3526 ‘Feudorum
629 3431 732 3507 libris
754 3407 1025 3528 cornpletiitur3
1051 3427 1145 3503 luit
1135 3451 1164 3504 rs
1188 3429 1280 3506 olim
1299 3429 1386 3518 Viri
1403 3430 1487 3519 Cl.

383 3539 480 3630 chr
499 3525 668 3622 Gottlieb
686 3544 899 3631 Schwarzii,
923 3537 1156 3617 Professoris
1145 3565 1184 3616 ιιι
1205 3542 1316 3620 Acad.
1339 3546 1463 3624 Altor-
1485 3579 1486 3627 ι

390 3653 466 3736 fina
479 3657 705 3747 merrtrlsrmr,
716 3679 919 3756 nuperque
939 3656 984 3749 ab
1003 3659 1079 3732 eius
1095 3652 1293 3735 heredibus
1312 3661 1460 3736 redem-
1483 3639 1485 3734 l

322 3777 328 3786 ’
391 3781 463 3855 tusc
479 3772 609 3848 nostris
630 3774 746 3872 copiis
765 3773 920 3846 librariis
939 3766 1086 3856 accessit.
1145 3767 1362 3870 Descriptio
1375 3777 1458 3873 qui-

389 3881 529 3962 dem
496 3907 575 3980 erus
600 3849 869 3984 qualiscunque
895 3883 1041 3980 vulgata
1060 3882 1127 3970 est,
1172 3908 1351 3983 magnam
1371 3912 1456 3986 par-

386 4007 464 4073 tem
480 4019 529 4075 ear
550 4001 619 4076 viri
640 4000 743 4077 beate
765 3997 927 4074 desunlli
950 3995 1087 4136 schedis
1106 3995 1172 4095 a),
1209 4023 1306 4100 quae
1330 4001 1454 4078 vslbus

700 4187 706 4201 ,
1268 4189 1274 4200 ,
1364 4115 1452 4204 illis,

423 4271 472 4383 a).
488 4273 524 4341 ln
538 4273 688 4362 catalogo
708 4273 853 4343 biblioth.
876 4227 1112 4344 Schwarzianue
1131 4275 1164 4344 Ρ.
1174 4275 1205 4344 ll
1210 4317 1220 4353 ‚
1242 4295 1276 4342 n.
1296 4295 1327 4344 1.
