3292 5134
274 616 278 624 Ι
381 553 399 626 3
409 552 461 602 00
771 503 1054 562 Q
1088 563 1091 575 ,
1128 543 1132 548 -

333 702 336 709 ’
375 703 472 776 inter
490 710 626 774 ceteras
644 692 758 774 Mnus
773 695 943 795 propriae
960 707 997 770 et
1006 691 1230 770 consecratae
1247 689 1449 787 habentur,
1484 679 1485 774 l

344 826 348 841 '
375 815 522 914 poetice
549 825 586 888 et
602 803 754 900 musice,
784 831 831 884 ex
857 807 1146 884 academicarum
1171 805 1449 906 disciplinarum
1484 797 1485 882 Ϊ

377 929 470 1003 orbe
492 939 635 1005 tautum
660 947 738 1000 non
766 921 914 998 exulare
949 921 1064 997 videri
1091 919 1241 1021 pollint3
1283 933 1325 1012 ut
1348 919 1446 994 adeo

262 1055 267 1063 ’
376 1039 504 1121 Musae
530 1063 606 1115 non
632 1038 747 1114 modo
775 1059 822 1144 ex
849 1034 1019 1112 siluarum
1044 1033 1236 1113 receffibus
1263 1032 1445 1111 sontium-

377 1177 450 1255 que
466 1154 665 1253 frigoribus
681 1155 720 1227 in
738 1150 876 1250 oppida
896 1164 933 1226 et
948 1150 1148 1238 auditoria,
1183 1172 1230 1224 ex
1245 1146 1446 1224 solitudine

271 1299 277 1304 ·
378 1268 417 1346 et
433 1267 577 1345 silentio
603 1270 699 1343 inter
719 1266 898 1341 clamores
922 1263 1165 1364 strepitusque
1184 1261 1448 1338 cathedrarum

312 1399 319 1432 ¹
376 1383 583 1469 hadudae,
611 1380 872 1456 verumetiam
897 1369 1201 1456 exsacro‘vatum
1229 1376 1365 1462 choro,
1398 1397 1448 1450 ex

377 1496 508 1574 mediis
532 1492 726 1572 Charitum
751 1491 984 1593 amplexibus
1008 1495 1198 1592 abreptae,
1238 1493 1277 1566 in
1310 1504 1446 1566 eontu-
1484 1567 1485 1572 ,

335 1688 342 1711 ,Ι
378 1611 568 1700 bernium,
610 1633 658 1685 ne
683 1631 765 1708 quas
789 1607 1010 1708 ergastulum
1035 1607 1149 1696 dicat,
1188 1629 1312 1682 earum
1339 1604 1447 1680 disci.

376 1725 564 1824 plinarum
597 1748 640 1798 ac
662 1722 894 1798 scientiarum
924 1721 1086 1800 detrusae
1112 1719 1199 1809 sust,
1234 1723 1330 1800 inter
1352 1741 1446 1818 quas
1484 1777 1485 1780 ,

378 1838 536 1914 citharae
566 1839 751 1934 tibiaeque
786 1849 915 1911 cantus
948 1856 1026 1912 non
1059 1836 1181 1912 minus
1204 1833 1343 1910 alienus
1374 1830 1442 1908 esse
1484 1879 1485 1894 κ

375 1951 557 2039 videatur,
581 1974 695 2048 quam
709 1951 753 2025 iis
772 1951 810 2025 iu
825 1935 1056 2040 locis,'vnde
1076 1950 1226 2028 exaudiri
1236 1947 1440 2046 gemitum).
1484 1957 1485 1960 ’

291 2080 297 2086 ’
377 2058 461 2144 Nec
492 2067 615 2140 minus
643 2068 765 2140 tame'u
795 2061 986 2142 satehdum
1010 2063 1059 2140 est
1083 2063 1200 2150 aliena
1229 2059 1298 2140 esse
1321 2059 1441 2140 Musa-

292 2180 299 2191 “
377 2203 462 2256 rum
483 2181 635 2256 nomina
657 2172 694 2254 et
708 2178 887 2257 attributa
900 2180 946 2254 ab
965 2181 1138 2256 omnibus
1154 2177 1226 2254 illis
1248 2177 1439 2264 aetatibus,

377 2295 514 2394 quibus
534 2291 687 2371 Graecia
701 2290 880 2392 Italiaque
907 2292 1036 2370 litteris
1055 2293 1266 2392 artibusque
1285 2291 1438 2382 ifluruit3
1484 2369 1485 2374 ,

377 2431 448 2484 nec
475 2407 591 2486 Mufis
617 2398 823 2483 consecrata
845 2406 916 2482 suit
938 2406 1187 2507 philosophia,
1214 2406 1440 2506 eloquentia,

375 2520 560 2603 medicina
577 2524 643 2597 aut'
660 2519 728 2596 alia
743 2519 943 2620 disciplina.
1004 2519 1095 2614 Quo
1113 2521 1190 2622 ipsu
1209 2519 1442 2616 intelligitur,
1484 2565 1485 2568 =

369 2653 500 2732 neque
530 2632 603 2708 illis
627 2635 804 2737 aetatibus
840 2633 1029 2712 Musarum
1053 2659 1189 2712 nomen
1220 2633 1287 2712 esse
1310 2637 1446 2742 inuen-

374 2760 456 2823 tum
468 2773 503 2856 3!
520 2747 622 2847 quud
641 2747 667 2822 fi
687 2749 786 2823 enim
809 2761 888 2824 tum
908 2751 1057 2828 demum
1086 2748 1354 2849 philosophiam
1381 2747 1444 2822 lit-

183 2871 214 2902 ⁵
331 2904 335 2909 ·
376 2855 472 2939 'teras
507 2876 677 2962 artesque
705 2859 873 2942 liberales
910 2864 1110 2962 symbolice
1149 2867 1352 2966 exprimere
1377 2885 1444 2938 vo-

272 3074 275 3087 ,
375 2975 523 3056 luissent
547 2976 736 3067 homines,
774 2976 860 3053 alias
881 2979 1026 3057 ii‘haud
1052 2979 1163 3056 dubie
1187 2977 1309 3056 Musas
1331 2976 1442 3054 iudu-

376 3089 509 3166 xislent
537 3089 716 3204 aliterque
735 3111 868 3168 ¹earum
890 3097 1043 3170 nomina
1060 3105 1098 3169 et
1113 3093 1283 3170 attributa
1309 3093 1441 3169 eonsti-

331 3244 339 3259 ·
376 3202 541 3290 tuissent,
583 3228 696 3302 quam
716 3217 757 3280 vt
778 3229 809 3282 a
823 3221 953 3298 cautu,
992 3211 1152 3285 carmine
1179 3207 1437 3296 assultatione,

295 3388 298 3399 .
374 3339 421 3392 ea
445 3329 622 3416 peterent

406 3570 412 3582 ¹
489 3535 606 3616 Inter.
623 3536 714 3615 haee
734 3538 878 3614 animus
903 3537 1086 3616 delabitur
1107 3540 1151 3618 ad
1177 3541 1281 3616 illam
1301 3541 1444 3638 cogita·
1484 3551 1485 3630 ᾗ

232 3651 238 3664 ’
376 3652 543 3740 tionem,
568 3653 696 3752 paullo
722 3654 952 3752 grauiorem,
986 3643 1257 3754 quam'diuersa
1280 3667 1318 3730 et
1335 3679 1356 3730 a
1375 3679 1444 3731 no-
1484 3679 1485 3690 ¹

201 3863 209 3877 ,
376 3768 455 3844 stris
478 3768 656 3844 aetatibus
680 3767 797 3845 aliena
822 3764 994 3846 scientiae
1018 3783 1055 3846 et
1078 3767 1261 3860 doslrinae
1286 3770 1380 3844 ratio
1397 3783 1444 3844 et

256 3892 268 3914 ⁸
376 3881 577 3956 aestimatio
601 3882 698 3958 inter
730 3905 794 3958 eos
830 3883 1000 3960 homines
1033 3879 1103 3993 pise
1135 3884 1321 3972 debuerit,
1378 3885 1444 3984 qui
1484 3899 1485 3902 ‘

374 3998 486 4094 primi
501 3994 639 4070 litteras
662 3993 742 4080 suas
762 3995 948 4096 Apollinis
964 3987 1203 4076 ethlusarum
1228 3999 1444 4074 nominibus
1484 4063 1485 4070 t

376 4109 588 4186 consecrare
621 4108 830 4190 voluerunt.
890 4111 998 4206 Quae
1022 4137 1081 4191 res
1095 4137 1180 4193 cum
1206 4115 1338 4216 paucis
1350 4113 1445 4190 sorte

671 4258 675 4266 ¹
1279 4229 1444 4305 animad-

209 4432 213 4441 ,
272 4390 389 4468 Q*
418 4355 718 4441 ’laen-vtro·
