3292 5134
172 447 173 460 ,
495 428 540 468 a,
839 463 842 473 ,

248 544 258 569 .
400 495 480 578 160
694 464 1070 603 'xm

171 659 173 686 ³
290 682 295 694 ’
392 658 572 748 asseritur,
603 654 708 760 quod
742 654 908 738 Zaleuco
934 631 964 735 le
986 632 1195 747 Locrorum
1227 652 1477 757 legumlatorl

393 777 614 877 plerumque
638 775 891 873 subiungitur,
921 776 986 873 qui
1008 774 1102 849 circa
1126 769 1188 851 01.
1208 769 1383 850 XXIX.
1419 776 1474 851 llu·

391 881 505 967 tuille
530 912 609 965 nou
631 891 787 964 omnino
809 886 883 965 fine
907 886 978 963 fide
1002 887 1047 963 ab
1065 883 1222 964 Eusebio
1241 884 1470 988 Hieronymi

331 1080 335 1095 ,
384 1004 556 1080 traditur.
630 1000 838 1079 Aristoteles
866 1000 912 1091 (l.
930 994 986 1098 c.)
1012 1024 1098 1078 eum
1127 1003 1223 1076 inter
1249 1004 1467 1080 vetustiores

317 1147 326 1164 κ
390 1113 655 1216 legumlatores
680 1116 879 1193 secundoa
905 1115 1070 1193 Zaleuco
1094 1114 1181 1191 loco
1207 1116 1368 1209 recitat,
1419 1144 1466 1195 eu·

390 1232 479 1309 deur
506 1229 593 1306 loco
616 1228 707 1305 alios
736 1231 869 1328 docere
892 1230 987 1305 velle
1015 1232 1064 1305 ait
1083 1225 1388 1305 Onomacriturn
1405 1230 1464 1307 Lu·

274 1330 317 1421 ¹-
391 1370 498 1423 crurn
536 1345 633 1441 apud
658 1338 847 1419 Cretenses
875 1345 1039 1443 primurn
1068 1342 1194 1440 legum
1226 1342 1461 1423 serendarum

389 1459 519 1560 peritia
546 1452 730 1547 claruisse,
775 1461 854 1534 eius
887 1457 1103 1533 familiarem
1134 1454 1236 1533 suilse
1266 1452 1460 1535 Thaletan

263 1570 285 1652 ’,
390 1569 622 1665 Cretensem,
651 1573 696 1647 ab
714 1573 789 1647 hoc
814 1568 1004 1672 profecisse
1027 1567 1242 1672 Lycurgum
1267 1584 1310 1645 et
1335 1572 1456 1653 Zaleu.

388 1709 497 1779 cum,
523 1711 543 1762 a
568 1681 734 1764 Zaleucu
756 1682 1002 1762 Charondam.
1076 1684 1188 1761 Addit
1212 1699 1347 1761 tamen
1376 1689 1455 1765 iden

386 1802 585 1901 temporibus
605 1826 730 1897 param
749 1801 918 1902 peasttatis
942 1799 1018 1877 laec
1040 1800 1084 1875 ab
1107 1804 1144 1875 iis
1159 1802 1336 1899 proferri:
1374 1820 1451 1879 certe

308 1946 316 1958 ¹
387 1899 493 2016 quud
524 1912 730 1991 Zaleucum
763 1916 913 2001 attinet,
963 1913 1028 2011 qui
1062 1911 1224 2013 Lycurgi
1257 1914 1449 2015 discipulus

236 2038 241 2045 '
387 2028 456 2109 else
480 2027 581 2119 haud
603 2029 750 2126 potuit3
795 2042 833 2103 at
850 2027 894 2102 d‘e
916 2023 1115 2121 Charonda
1140 2028 1221 2126 post
1250 2026 1446 2109 Zaleucum

364 2136 369 2143 ⁴
384 2143 514 2244 legum
530 2141 638 2219 laude
654 2142 893 2238 nobilitatum
911 2141 1004 2217 nihil
1025 2133 1370 2233 voluit¹resellere,'
1383 2168 1442 2223 cun

251 2351 259 2360 ,
386 2260 465 2359 ipse,
484 2271 591 2335 antea
613 2255 713 2333 idem
739 2250 1014 2357 pronuntiasset.
1074 2254 1160 2331 illio
1182 2254 1271 2331 loco
1292 2255 1386 2349 (IV,
1403 2284 1444 2347 ιι,

383 2397 420 2474 p.
437 2394 485 2465 50
494 2369 602 2464 3,A.)
638 2365 874 2447 Charondam
905 2368 1051 2446 emedio
1080 2372 1342 2467 generantium
1368 2362 1447 2476 suilli

359 2488 463 2587 ait,
482 2482 586 2581 quod
601 2486 785 2582 optimum
806 2484 849 2558 srt
873 2482 1161 2582 legumlatorum
1186 2506 1320 2581 genus.
1385 2486 1448 2569 Hac

383 2599 512 2697 vtique
537 2590 749 2671 austeritate
775 2596 1055 2695 acquiescinrus3
1092 2596 1329 2676 Theudoreti
1364 2606 1447 2680 enin

217 2651 221 2661 Α
268 2791 273 2806 ,
379 2709 455 2807 ‚elle
480 2708 598 2811 potest
624 2708 749 2800 nulla,
780 2710 918 2809 qui(de
936 2738 1004 2787 car.
1022 2710 1126 2815 affusi,
1154 2694 1446 2796 Grauitatis.

384 2852 420 2932 p.
436 2834 527 2919 608.
541 2821 605 2918 C.)
646 2823 858 2911 caroniam
885 2830 1033 2925 primum
1057 2825 1154 2905 stalis
1176 2838 1207 2902 et
1231 2826 1357 2905 Siculis
1378 2832 1446 2929 legu

239 2926 243 2933 ¹
380 2945 445 3023 tasi
469 2974 485 3021 e
512 2940 571 3019 ait.
633 2936 713 3034 Qu
733 2932 868 3017 nuum
895 2940 959 3031 stt,
990 2954 1030 3017 vt
1051 2940 1251 3017 anunullis
1269 2944 1371 3045 iuter
1388 2942 1446 3045 Py·

380 3057 577 3157 thagorae,
620 3056 687 3155 qui
707 3071 831 3133 tamen
853 3056 974 3133 multo
993 3054 1104 3133 serius
1122 3058 1231 3143 vixit,
1269 3048 1358 3135 culn
1374 3062 1443 3135 eius

210 3172 216 3188 '
296 3194 333 3248 ,¹
380 3193 482 3247 mors
513 3172 553 3245 in
585 3168 798 3269 Olympiad.
815 3166 993 3261 LXXX,
1011 3197 1047 3247 2.
1083 3166 1246 3247 incidisse
1272 3170 1438 3262 videatur,

380 3280 578 3383 discipulos
593 3284 800 3370 referretur,
825 3284 899 3359 alio
915 3283 1003 3359 laco
1020 3270 1075 3387 (p.
1088 3306 1101 3358 1
1112 3284 1182 3384 69)
1192 3284 1440 3365 declarabitur.

448 3428 452 3435 ·
474 3394 542 3474 Per
559 3396 660 3484 haec,
692 3417 786 3493 quae
802 3394 926 3471 adhuc
947 3390 1038 3471 diua
1052 3397 1146 3483 suut,
1177 3396 1244 3473 uisi
1269 3400 1444 3492 fallimur,

380 3510 430 3588 src
451 3510 532 3587 satis
558 3511 793 3611 exploratum
817 3500 996 3586 vidimus:
1035 3515 1138 3589 multa
1163 3516 1229 3589 iarn
1249 3526 1328 3590 aare
1361 3509 1448 3593 Tla·

380 3628 448 3705 rsus
472 3626 619 3702 conditur
640 3639 781 3724 tempure
810 3620 1021 3703 Charondam
1044 3612 1141 3728 smffa
1172 3624 1310 3727 aliquem
1349 3630 1448 3710 Cara.

377 3760 513 3825 raama,
551 3741 608 3837 pus
627 3765 699 3818 cam
720 3738 794 3818 assir
816 3740 1002 3817 ciuitatibus
1022 3734 1229 3829 Clruleidicir,
1267 3754 1339 3818 tum
1355 3748 1448 3850 suat,

375 3854 460 3963 seges
468 3852 653 3959 scripserit,
683 3857 777 3930 inter
794 3872 931 3932 ceteras
948 3859 1058 3931 etiarn
1073 3855 1219 3953 Rhagia,
1250 3861 1284 3933 in
1300 3872 1448 3939 extrema

381 3970 503 4055 Italia,
546 3964 621 4046 flue
643 3983 684 4046 vt
707 3971 746 4044 in
774 3989 855 4047 earn
879 3959 1329 4072 amaritudinum
1355 3990 1399 4052 vt
1428 3998 1446 4053 a

378 4081 658 4184 meginradus
679 4081 779 4181 leges
798 4085 992 4192 expetitae,
1007 4096 1081 4173 aut,
1112 4084 1226 4185 idque
1242 4090 1317 4165 reri
1335 4085 1447 4166 simil.

378 4196 531 4291 limum,
576 4200 622 4279 ab
639 4198 714 4309 iis,
762 4198 899 4299 quibus
929 4196 1131 4299 scripserat,
1171 4200 1367 4278 translatae
1407 4206 1475 4281 et'

1209 4316 1442 4417 transcriptae
